%% This BibTeX bibliography file was created using BibDesk.
%% http://bibdesk.sourceforge.net/

%% Created for Daniel Buonaiuto at 2017-04-30 14:46:47 -0400 


%% Saved with string encoding Unicode (UTF-8) 



@article{Hufkens2012,
	Author = {Hufkens, Koen and Friedl, Mark A. and Keenan, Trevor F. and Sonnentag, Oliver and Bailey, Amey and O'Keefe, John and Richardson, Andrew D.},
	Date-Added = {2017-04-09 18:48:15 +0000},
	Date-Modified = {2017-04-09 18:48:21 +0000},
	Doi = {10.1111/j.1365-2486.2012.02712.x},
	Issn = {1354-1013},
	Journal = {Global Change Biology},
	Month = {May},
	Number = {7},
	Pages = {2365--2377},
	Publisher = {Wiley-Blackwell},
	Title = {Ecological impacts of a widespread frost event following early spring leaf-out},
	Url = {http://dx.doi.org/10.1111/j.1365-2486.2012.02712.x},
	Volume = {18},
	Year = {2012},
	Bdsk-File-1 = {YnBsaXN0MDDUAQIDBAUGJCVYJHZlcnNpb25YJG9iamVjdHNZJGFyY2hpdmVyVCR0b3ASAAGGoKgHCBMUFRYaIVUkbnVsbNMJCgsMDxJXTlMua2V5c1pOUy5vYmplY3RzViRjbGFzc6INDoACgAOiEBGABIAFgAdccmVsYXRpdmVQYXRoWWFsaWFzRGF0YV8QOC4uLy4uLy4uL3NwcmluZ2ZyZWV6ZS9yZWZzL0h1ZmtlbnNfMjAxMl9HbG9iYWxDaEJpb2wucGRm0hcLGBlXTlMuZGF0YU8RAgIAAAAAAgIAAgAADE1hY2ludG9zaCBIRAAAAAAAAAAAAAAAAAAAAMpAsaxIKwAAA2MQaR1IdWZrZW5zXzIwMTJfR2xvYmFsQ2hCaW9sLnBkZgAAAAAAAAAAAAAAAAAAAAAAAAAAAAAAAAAAAAAAAAAAAAADYxCK1Le8ogAAAAAAAAAAAAMAAwAACSAAAAAAAAAAAAAAAAAAAAAEcmVmcwAQAAgAAMpA6ewAAAARAAgAANS4AvIAAAABABgDYxBpA0mGTANHR74ABQJYAAUCVwAAvuwAAgBmTWFjaW50b3NoIEhEOlVzZXJzOgBkYW5pZWxidW9uYWl1dG86AERvY3VtZW50czoAZ2l0OgBzcHJpbmdmcmVlemU6AHJlZnM6AEh1ZmtlbnNfMjAxMl9HbG9iYWxDaEJpb2wucGRmAA4APAAdAEgAdQBmAGsAZQBuAHMAXwAyADAAMQAyAF8ARwBsAG8AYgBhAGwAQwBoAEIAaQBvAGwALgBwAGQAZgAPABoADABNAGEAYwBpAG4AdABvAHMAaAAgAEgARAASAFNVc2Vycy9kYW5pZWxidW9uYWl1dG8vRG9jdW1lbnRzL2dpdC9zcHJpbmdmcmVlemUvcmVmcy9IdWZrZW5zXzIwMTJfR2xvYmFsQ2hCaW9sLnBkZgAAEwABLwAAFQACABb//wAAgAbSGxwdHlokY2xhc3NuYW1lWCRjbGFzc2VzXU5TTXV0YWJsZURhdGGjHR8gVk5TRGF0YVhOU09iamVjdNIbHCIjXE5TRGljdGlvbmFyeaIiIF8QD05TS2V5ZWRBcmNoaXZlctEmJ1Ryb290gAEACAARABoAIwAtADIANwBAAEYATQBVAGAAZwBqAGwAbgBxAHMAdQB3AIQAjgDJAM4A1gLcAt4C4wLuAvcDBQMJAxADGQMeAysDLgNAA0MDSAAAAAAAAAIBAAAAAAAAACgAAAAAAAAAAAAAAAAAAANK}}

@article{Lenz2013,
	Author = {Lenz, Armando and Hoch, G{\"u}nter and Vitasse, Yann and K{\"o}rner, Christian},
	Date-Added = {2017-04-09 18:47:39 +0000},
	Date-Modified = {2017-04-09 18:47:47 +0000},
	Doi = {10.1111/nph.12452},
	Issn = {0028-646X},
	Journal = {New Phytologist},
	Month = {Aug},
	Number = {4},
	Pages = {1166--1175},
	Publisher = {Wiley-Blackwell},
	Title = {European deciduous trees exhibit similar safety margins against damage by spring freeze events along elevational gradients},
	Url = {http://dx.doi.org/10.1111/nph.12452},
	Volume = {200},
	Year = {2013},
	Bdsk-File-1 = {YnBsaXN0MDDUAQIDBAUGJCVYJHZlcnNpb25YJG9iamVjdHNZJGFyY2hpdmVyVCR0b3ASAAGGoKgHCBMUFRYaIVUkbnVsbNMJCgsMDxJXTlMua2V5c1pOUy5vYmplY3RzViRjbGFzc6INDoACgAOiEBGABIAFgAdccmVsYXRpdmVQYXRoWWFsaWFzRGF0YV8QLS4uLy4uLy4uL3NwcmluZ2ZyZWV6ZS9yZWZzL0xlbnpfZXRhbF8yMDEzLnBkZtIXCxgZV05TLmRhdGFPEQHWAAAAAAHWAAIAAAxNYWNpbnRvc2ggSEQAAAAAAAAAAAAAAAAAAADKQLGsSCsAAANjEGkSTGVuel9ldGFsXzIwMTMucGRmAAAAAAAAAAAAAAAAAAAAAAAAAAAAAAAAAAAAAAAAAAAAAAAAAAAAAAAAAAAAA2MQm9S3vKMAAAAAAAAAAAADAAMAAAkgAAAAAAAAAAAAAAAAAAAABHJlZnMAEAAIAADKQOnsAAAAEQAIAADUuALzAAAAAQAYA2MQaQNJhkwDR0e+AAUCWAAFAlcAAL7sAAIAW01hY2ludG9zaCBIRDpVc2VyczoAZGFuaWVsYnVvbmFpdXRvOgBEb2N1bWVudHM6AGdpdDoAc3ByaW5nZnJlZXplOgByZWZzOgBMZW56X2V0YWxfMjAxMy5wZGYAAA4AJgASAEwAZQBuAHoAXwBlAHQAYQBsAF8AMgAwADEAMwAuAHAAZABmAA8AGgAMAE0AYQBjAGkAbgB0AG8AcwBoACAASABEABIASFVzZXJzL2RhbmllbGJ1b25haXV0by9Eb2N1bWVudHMvZ2l0L3NwcmluZ2ZyZWV6ZS9yZWZzL0xlbnpfZXRhbF8yMDEzLnBkZgATAAEvAAAVAAIAFv//AACABtIbHB0eWiRjbGFzc25hbWVYJGNsYXNzZXNdTlNNdXRhYmxlRGF0YaMdHyBWTlNEYXRhWE5TT2JqZWN00hscIiNcTlNEaWN0aW9uYXJ5oiIgXxAPTlNLZXllZEFyY2hpdmVy0SYnVHJvb3SAAQAIABEAGgAjAC0AMgA3AEAARgBNAFUAYABnAGoAbABuAHEAcwB1AHcAhACOAL4AwwDLAqUCpwKsArcCwALOAtIC2QLiAucC9AL3AwkDDAMRAAAAAAAAAgEAAAAAAAAAKAAAAAAAAAAAAAAAAAAAAxM=}}

@article{Chuine1999,
	Author = {Isabelle Chuine and Pierre Cour},
	Date-Added = {2017-04-09 18:40:56 +0000},
	Date-Modified = {2017-04-30 18:46:43 +0000},
	Journal = {New Phytologist},
	Pages = {339-349},
	Title = {Climatic determinants of budburst seasonality in four temperate-zone tree species},
	Volume = {143},
	Year = {1999},
	Bdsk-File-1 = {YnBsaXN0MDDUAQIDBAUGJCVYJHZlcnNpb25YJG9iamVjdHNZJGFyY2hpdmVyVCR0b3ASAAGGoKgHCBMUFRYaIVUkbnVsbNMJCgsMDxJXTlMua2V5c1pOUy5vYmplY3RzViRjbGFzc6INDoACgAOiEBGABIAFgAdccmVsYXRpdmVQYXRoWWFsaWFzRGF0YV8QPi4uLy4uLy4uLy4uLy4uL0Rvd25sb2Fkcy9DSFVJTkVfZXRfYWwtMTk5OS1OZXdfUGh5dG9sb2dpc3QucGRm0hcLGBlXTlMuZGF0YU8RAegAAAAAAegAAgAADE1hY2ludG9zaCBIRAAAAAAAAAAAAAAAAAAAAMpAsaxIKwAAAAUCoR9DSFVJTkVfZXRfYWwtMTk5OS1OIzM2QTY5RUYucGRmAAAAAAAAAAAAAAAAAAAAAAAAAAAAAAAAAAAAAAAAAAADamnv1Q/4cQAAAAAAAAAAAAUAAgAACSAAAAAAAAAAAAAAAAAAAAAJRG93bmxvYWRzAAAQAAgAAMpA6ewAAAARAAgAANUQMLEAAAABAAwABQKhAAUCVwAAvuwAAgBPTWFjaW50b3NoIEhEOlVzZXJzOgBkYW5pZWxidW9uYWl1dG86AERvd25sb2FkczoAQ0hVSU5FX2V0X2FsLTE5OTktTiMzNkE2OUVGLnBkZgAADgBMACUAQwBIAFUASQBOAEUAXwBlAHQAXwBhAGwALQAxADkAOQA5AC0ATgBlAHcAXwBQAGgAeQB0AG8AbABvAGcAaQBzAHQALgBwAGQAZgAPABoADABNAGEAYwBpAG4AdABvAHMAaAAgAEgARAASAEVVc2Vycy9kYW5pZWxidW9uYWl1dG8vRG93bmxvYWRzL0NIVUlORV9ldF9hbC0xOTk5LU5ld19QaHl0b2xvZ2lzdC5wZGYAABMAAS8AABUAAgAW//8AAIAG0hscHR5aJGNsYXNzbmFtZVgkY2xhc3Nlc11OU011dGFibGVEYXRhox0fIFZOU0RhdGFYTlNPYmplY3TSGxwiI1xOU0RpY3Rpb25hcnmiIiBfEA9OU0tleWVkQXJjaGl2ZXLRJidUcm9vdIABAAgAEQAaACMALQAyADcAQABGAE0AVQBgAGcAagBsAG4AcQBzAHUAdwCEAI4AzwDUANwCyALKAs8C2gLjAvEC9QL8AwUDCgMXAxoDLAMvAzQAAAAAAAACAQAAAAAAAAAoAAAAAAAAAAAAAAAAAAADNg==}}

@article{Sogaard2008,
	Author = {Gunnhild S{\O}gaard, {\O}ysten Johnsen, Jarle Nilsen and Olavi Junttila},
	Date-Added = {2017-04-09 18:37:40 +0000},
	Date-Modified = {2017-04-30 18:46:36 +0000},
	Journal = {Tree Physiology},
	Number = {311--320},
	Title = {Climatic control of bud burst in young seedlings of nine provenances of Norway spruce},
	Volume = {28},
	Year = {2008},
	Bdsk-File-1 = {YnBsaXN0MDDUAQIDBAUGJCVYJHZlcnNpb25YJG9iamVjdHNZJGFyY2hpdmVyVCR0b3ASAAGGoKgHCBMUFRYaIVUkbnVsbNMJCgsMDxJXTlMua2V5c1pOUy5vYmplY3RzViRjbGFzc6INDoACgAOiEBGABIAFgAdccmVsYXRpdmVQYXRoWWFsaWFzRGF0YV8QKi4uLy4uLy4uLy4uLy4uL0Rlc2t0b3AvMjc4L1NvZ2FhcmQyMDA4LnBkZtIXCxgZV05TLmRhdGFPEQGYAAAAAAGYAAIAAAxNYWNpbnRvc2ggSEQAAAAAAAAAAAAAAAAAAADKQLGsSCsAAANqQsIPU29nYWFyZDIwMDgucGRmAAAAAAAAAAAAAAAAAAAAAAAAAAAAAAAAAAAAAAAAAAAAAAAAAAAAAAAAAAAAAAAAA2ppuNUP95MAAAAAAAAAAAAFAAMAAAkgAAAAAAAAAAAAAAAAAAAAAzI3OAAAEAAIAADKQOnsAAAAEQAIAADVEC/TAAAAAQAQA2pCwgAFAvUABQJXAAC+7AACAEJNYWNpbnRvc2ggSEQ6VXNlcnM6AGRhbmllbGJ1b25haXV0bzoARGVza3RvcDoAMjc4OgBTb2dhYXJkMjAwOC5wZGYADgAgAA8AUwBvAGcAYQBhAHIAZAAyADAAMAA4AC4AcABkAGYADwAaAAwATQBhAGMAaQBuAHQAbwBzAGgAIABIAEQAEgAxVXNlcnMvZGFuaWVsYnVvbmFpdXRvL0Rlc2t0b3AvMjc4L1NvZ2FhcmQyMDA4LnBkZgAAEwABLwAAFQACABb//wAAgAbSGxwdHlokY2xhc3NuYW1lWCRjbGFzc2VzXU5TTXV0YWJsZURhdGGjHR8gVk5TRGF0YVhOU09iamVjdNIbHCIjXE5TRGljdGlvbmFyeaIiIF8QD05TS2V5ZWRBcmNoaXZlctEmJ1Ryb290gAEACAARABoAIwAtADIANwBAAEYATQBVAGAAZwBqAGwAbgBxAHMAdQB3AIQAjgC7AMAAyAJkAmYCawJ2An8CjQKRApgCoQKmArMCtgLIAssC0AAAAAAAAAIBAAAAAAAAACgAAAAAAAAAAAAAAAAAAALS}}

@article{Gomory2014,
	Author = {G{\"o}m{\"o}ry, Du{\v s}an and Foffov{\'a}, Elena and Longauer, Roman and Krajmerov{\'a}, Diana},
	Date-Added = {2017-04-09 18:32:34 +0000},
	Date-Modified = {2017-04-09 18:32:50 +0000},
	Doi = {10.1007/s10342-014-0835-1},
	Issn = {1612-4677},
	Journal = {European Journal of Forest Research},
	Month = {Aug},
	Number = {1},
	Pages = {89--97},
	Publisher = {Springer Nature},
	Title = {Memory effects associated with early-growth environment in Norway spruce and European larch},
	Url = {http://dx.doi.org/10.1007/s10342-014-0835-1},
	Volume = {134},
	Year = {2014},
	Bdsk-File-1 = {YnBsaXN0MDDUAQIDBAUGJCVYJHZlcnNpb25YJG9iamVjdHNZJGFyY2hpdmVyVCR0b3ASAAGGoKgHCBMUFRYaIVUkbnVsbNMJCgsMDxJXTlMua2V5c1pOUy5vYmplY3RzViRjbGFzc6INDoACgAOiEBGABIAFgAdccmVsYXRpdmVQYXRoWWFsaWFzRGF0YV8QKS4uLy4uLy4uLy4uLy4uL0Rlc2t0b3AvMjc4L0dvbW9yeTIwMTUucGRm0hcLGBlXTlMuZGF0YU8RAZQAAAAAAZQAAgAADE1hY2ludG9zaCBIRAAAAAAAAAAAAAAAAAAAAMpAsaxIKwAAA2pCwg5Hb21vcnkyMDE1LnBkZgAAAAAAAAAAAAAAAAAAAAAAAAAAAAAAAAAAAAAAAAAAAAAAAAAAAAAAAAAAAAAAAAADamjL1Q/2MgAAAAAAAAAAAAUAAwAACSAAAAAAAAAAAAAAAAAAAAADMjc4AAAQAAgAAMpA6ewAAAARAAgAANUQLnIAAAABABADakLCAAUC9QAFAlcAAL7sAAIAQU1hY2ludG9zaCBIRDpVc2VyczoAZGFuaWVsYnVvbmFpdXRvOgBEZXNrdG9wOgAyNzg6AEdvbW9yeTIwMTUucGRmAAAOAB4ADgBHAG8AbQBvAHIAeQAyADAAMQA1AC4AcABkAGYADwAaAAwATQBhAGMAaQBuAHQAbwBzAGgAIABIAEQAEgAwVXNlcnMvZGFuaWVsYnVvbmFpdXRvL0Rlc2t0b3AvMjc4L0dvbW9yeTIwMTUucGRmABMAAS8AABUAAgAW//8AAIAG0hscHR5aJGNsYXNzbmFtZVgkY2xhc3Nlc11OU011dGFibGVEYXRhox0fIFZOU0RhdGFYTlNPYmplY3TSGxwiI1xOU0RpY3Rpb25hcnmiIiBfEA9OU0tleWVkQXJjaGl2ZXLRJidUcm9vdIABAAgAEQAaACMALQAyADcAQABGAE0AVQBgAGcAagBsAG4AcQBzAHUAdwCEAI4AugC/AMcCXwJhAmYCcQJ6AogCjAKTApwCoQKuArECwwLGAssAAAAAAAACAQAAAAAAAAAoAAAAAAAAAAAAAAAAAAACzQ==}}

@article{Johnsen2005,
	Author = {Johnsen, {\O}., Carl Gunnar Fossdal, Nina Nangy, J{\O}rgen Molmann , Ola Gtsm D{\AE}hlen,Tore Sk{\O}ppa},
	Date-Added = {2017-04-09 18:27:43 +0000},
	Date-Modified = {2017-04-30 18:44:58 +0000},
	Journal = {Plant, Cell and Environment},
	Number = {1090-1102},
	Title = {Climatic adaptation in Picea abies progenies is affected by the temperature during zygotic embryogenesis and seed maturation},
	Volume = {28},
	Year = {2005},
	Bdsk-File-1 = {YnBsaXN0MDDUAQIDBAUGJCVYJHZlcnNpb25YJG9iamVjdHNZJGFyY2hpdmVyVCR0b3ASAAGGoKgHCBMUFRYaIVUkbnVsbNMJCgsMDxJXTlMua2V5c1pOUy5vYmplY3RzViRjbGFzc6INDoACgAOiEBGABIAFgAdccmVsYXRpdmVQYXRoWWFsaWFzRGF0YV8QSS4uLy4uLy4uLy4uLy4uL0Rvd25sb2Fkcy9KT0hOU0VOX2V0X2FsLTIwMDUtUGxhbnQsX0NlbGxfJl9FbnZpcm9ubWVudC5wZGbSFwsYGVdOUy5kYXRhTxECCAAAAAACCAACAAAMTWFjaW50b3NoIEhEAAAAAAAAAAAAAAAAAAAAykCxrEgrAAAABQKhH0pPSE5TRU5fZXRfYWwtMjAwNS0jMzZBNjg2Ni5wZGYAAAAAAAAAAAAAAAAAAAAAAAAAAAAAAAAAAAAAAAAAAANqaGbVD/VCAAAAAAAAAAAABQACAAAJIAAAAAAAAAAAAAAAAAAAAAlEb3dubG9hZHMAABAACAAAykDp7AAAABEACAAA1RAtggAAAAEADAAFAqEABQJXAAC+7AACAE9NYWNpbnRvc2ggSEQ6VXNlcnM6AGRhbmllbGJ1b25haXV0bzoARG93bmxvYWRzOgBKT0hOU0VOX2V0X2FsLTIwMDUtIzM2QTY4NjYucGRmAAAOAGIAMABKAE8ASABOAFMARQBOAF8AZQB0AF8AYQBsAC0AMgAwADAANQAtAFAAbABhAG4AdAAsAF8AQwBlAGwAbABfACYAXwBFAG4AdgBpAHIAbwBuAG0AZQBuAHQALgBwAGQAZgAPABoADABNAGEAYwBpAG4AdABvAHMAaAAgAEgARAASAFBVc2Vycy9kYW5pZWxidW9uYWl1dG8vRG93bmxvYWRzL0pPSE5TRU5fZXRfYWwtMjAwNS1QbGFudCxfQ2VsbF8mX0Vudmlyb25tZW50LnBkZgATAAEvAAAVAAIAFv//AACABtIbHB0eWiRjbGFzc25hbWVYJGNsYXNzZXNdTlNNdXRhYmxlRGF0YaMdHyBWTlNEYXRhWE5TT2JqZWN00hscIiNcTlNEaWN0aW9uYXJ5oiIgXxAPTlNLZXllZEFyY2hpdmVy0SYnVHJvb3SAAQAIABEAGgAjAC0AMgA3AEAARgBNAFUAYABnAGoAbABuAHEAcwB1AHcAhACOANoA3wDnAvMC9QL6AwUDDgMcAyADJwMwAzUDQgNFA1cDWgNfAAAAAAAAAgEAAAAAAAAAKAAAAAAAAAAAAAAAAAAAA2E=}}

@article{Auge2017,
	Author = {Auge, Gabriela A. and Blair, Logan K. and Neville, Hannah and Donohue, Kathleen},
	Date-Added = {2017-04-09 18:19:24 +0000},
	Date-Modified = {2017-04-30 18:46:27 +0000},
	Doi = {10.1111/nph.14520},
	Issn = {0028-646X},
	Journal = {New Phytologist},
	Month = {Mar},
	Publisher = {Wiley-Blackwell},
	Title = {Maternal vernalization and vernalization-pathway genes influence progeny seed germination},
	Url = {http://dx.doi.org/10.1111/nph.14520},
	Year = {2017},
	Bdsk-File-1 = {YnBsaXN0MDDUAQIDBAUGJCVYJHZlcnNpb25YJG9iamVjdHNZJGFyY2hpdmVyVCR0b3ASAAGGoKgHCBMUFRYaIVUkbnVsbNMJCgsMDxJXTlMua2V5c1pOUy5vYmplY3RzViRjbGFzc6INDoACgAOiEBGABIAFgAdccmVsYXRpdmVQYXRoWWFsaWFzRGF0YV8QPC4uLy4uLy4uLy4uLy4uL0Rvd25sb2Fkcy9BdWdlX2V0X2FsLTIwMTctTmV3X1BoeXRvbG9naXN0LnBkZtIXCxgZV05TLmRhdGFPEQHiAAAAAAHiAAIAAAxNYWNpbnRvc2ggSEQAAAAAAAAAAAAAAAAAAADKQLGsSCsAAAAFAqEfQXVnZV9ldF9hbC0yMDE3LU5ldyMzNkE2N0FBLnBkZgAAAAAAAAAAAAAAAAAAAAAAAAAAAAAAAAAAAAAAAAAAA2pnqtUP814AAAAAAAAAAAAFAAIAAAkgAAAAAAAAAAAAAAAAAAAACURvd25sb2FkcwAAEAAIAADKQOnsAAAAEQAIAADVECueAAAAAQAMAAUCoQAFAlcAAL7sAAIAT01hY2ludG9zaCBIRDpVc2VyczoAZGFuaWVsYnVvbmFpdXRvOgBEb3dubG9hZHM6AEF1Z2VfZXRfYWwtMjAxNy1OZXcjMzZBNjdBQS5wZGYAAA4ASAAjAEEAdQBnAGUAXwBlAHQAXwBhAGwALQAyADAAMQA3AC0ATgBlAHcAXwBQAGgAeQB0AG8AbABvAGcAaQBzAHQALgBwAGQAZgAPABoADABNAGEAYwBpAG4AdABvAHMAaAAgAEgARAASAENVc2Vycy9kYW5pZWxidW9uYWl1dG8vRG93bmxvYWRzL0F1Z2VfZXRfYWwtMjAxNy1OZXdfUGh5dG9sb2dpc3QucGRmAAATAAEvAAAVAAIAFv//AACABtIbHB0eWiRjbGFzc25hbWVYJGNsYXNzZXNdTlNNdXRhYmxlRGF0YaMdHyBWTlNEYXRhWE5TT2JqZWN00hscIiNcTlNEaWN0aW9uYXJ5oiIgXxAPTlNLZXllZEFyY2hpdmVy0SYnVHJvb3SAAQAIABEAGgAjAC0AMgA3AEAARgBNAFUAYABnAGoAbABuAHEAcwB1AHcAhACOAM0A0gDaAsACwgLHAtIC2wLpAu0C9AL9AwIDDwMSAyQDJwMsAAAAAAAAAgEAAAAAAAAAKAAAAAAAAAAAAAAAAAAAAy4=}}

@article{Brautigam2013,
	Author = {Br{\"a}utigam, Katharina and Vining, Kelly J. and Lafon-Placette, Cl{\'e}ment and Fossdal, Carl G. and Mirouze, Marie and Marcos, Jos{\'e} Guti{\'e}rrez and Fluch, Silvia and Fraga, Mario Fern{\'a}ndez and Guevara, M. {\'A}ngeles and Abarca, Dolores and et al.},
	Date-Added = {2017-04-09 18:16:16 +0000},
	Date-Modified = {2017-04-09 18:16:25 +0000},
	Doi = {10.1002/ece3.461},
	Issn = {2045-7758},
	Journal = {Ecology and Evolution},
	Month = {Jan},
	Number = {2},
	Pages = {399--415},
	Publisher = {Wiley-Blackwell},
	Title = {Epigenetic regulation of adaptive responses of forest tree species to the environment},
	Url = {http://dx.doi.org/10.1002/ece3.461},
	Volume = {3},
	Year = {2013},
	Bdsk-File-1 = {YnBsaXN0MDDUAQIDBAUGJCVYJHZlcnNpb25YJG9iamVjdHNZJGFyY2hpdmVyVCR0b3ASAAGGoKgHCBMUFRYaIVUkbnVsbNMJCgsMDxJXTlMua2V5c1pOUy5vYmplY3RzViRjbGFzc6INDoACgAOiEBGABIAFgAdccmVsYXRpdmVQYXRoWWFsaWFzRGF0YV8QLi4uLy4uLy4uLy4uLy4uL0Rlc2t0b3AvMjc4L2VjZTMwMDAzLTAzOTkgMi5wZGbSFwsYGVdOUy5kYXRhTxEBqAAAAAABqAACAAAMTWFjaW50b3NoIEhEAAAAAAAAAAAAAAAAAAAAykCxrEgrAAADakLCE2VjZTMwMDAzLTAzOTkgMi5wZGYAAAAAAAAAAAAAAAAAAAAAAAAAAAAAAAAAAAAAAAAAAAAAAAAAAAAAAAAAAANqZuTVD/JgAAAAAAAAAAAABQADAAAJIAAAAAAAAAAAAAAAAAAAAAMyNzgAABAACAAAykDp7AAAABEACAAA1RAqoAAAAAEAEANqQsIABQL1AAUCVwAAvuwAAgBGTWFjaW50b3NoIEhEOlVzZXJzOgBkYW5pZWxidW9uYWl1dG86AERlc2t0b3A6ADI3ODoAZWNlMzAwMDMtMDM5OSAyLnBkZgAOACgAEwBlAGMAZQAzADAAMAAwADMALQAwADMAOQA5ACAAMgAuAHAAZABmAA8AGgAMAE0AYQBjAGkAbgB0AG8AcwBoACAASABEABIANVVzZXJzL2RhbmllbGJ1b25haXV0by9EZXNrdG9wLzI3OC9lY2UzMDAwMy0wMzk5IDIucGRmAAATAAEvAAAVAAIAFv//AACABtIbHB0eWiRjbGFzc25hbWVYJGNsYXNzZXNdTlNNdXRhYmxlRGF0YaMdHyBWTlNEYXRhWE5TT2JqZWN00hscIiNcTlNEaWN0aW9uYXJ5oiIgXxAPTlNLZXllZEFyY2hpdmVy0SYnVHJvb3SAAQAIABEAGgAjAC0AMgA3AEAARgBNAFUAYABnAGoAbABuAHEAcwB1AHcAhACOAL8AxADMAngCegJ/AooCkwKhAqUCrAK1AroCxwLKAtwC3wLkAAAAAAAAAgEAAAAAAAAAKAAAAAAAAAAAAAAAAAAAAuY=}}

@article{Inouye2008,
	Author = {David Inouye},
	Date-Added = {2017-04-09 18:11:07 +0000},
	Date-Modified = {2017-04-09 18:12:19 +0000},
	Journal = {Ecology},
	Number = {2},
	Pages = {353--362},
	Title = {EFFECTS OF CLIMATE CHANGE ON PHENOLOGY, FROST DAMAGE, AND FLORAL ABUNDANCE OF MONTANE WILDFLOWERS},
	Volume = {89},
	Year = {2008},
	Bdsk-File-1 = {YnBsaXN0MDDUAQIDBAUGJCVYJHZlcnNpb25YJG9iamVjdHNZJGFyY2hpdmVyVCR0b3ASAAGGoKgHCBMUFRYaIVUkbnVsbNMJCgsMDxJXTlMua2V5c1pOUy5vYmplY3RzViRjbGFzc6INDoACgAOiEBGABIAFgAdccmVsYXRpdmVQYXRoWWFsaWFzRGF0YV8QMi4uLy4uLy4uL3NwcmluZ2ZyZWV6ZS9yZWZzL0lub3V5ZS0yMDA4LUVjb2xvZ3kucGRm0hcLGBlXTlMuZGF0YU8RAeoAAAAAAeoAAgAADE1hY2ludG9zaCBIRAAAAAAAAAAAAAAAAAAAAMpAsaxIKwAAA2MQaRdJbm91eWUtMjAwOC1FY29sb2d5LnBkZgAAAAAAAAAAAAAAAAAAAAAAAAAAAAAAAAAAAAAAAAAAAAAAAAAAAAADYxCO1Le8ogAAAAAAAAAAAAMAAwAACSAAAAAAAAAAAAAAAAAAAAAEcmVmcwAQAAgAAMpA6ewAAAARAAgAANS4AvIAAAABABgDYxBpA0mGTANHR74ABQJYAAUCVwAAvuwAAgBgTWFjaW50b3NoIEhEOlVzZXJzOgBkYW5pZWxidW9uYWl1dG86AERvY3VtZW50czoAZ2l0OgBzcHJpbmdmcmVlemU6AHJlZnM6AElub3V5ZS0yMDA4LUVjb2xvZ3kucGRmAA4AMAAXAEkAbgBvAHUAeQBlAC0AMgAwADAAOAAtAEUAYwBvAGwAbwBnAHkALgBwAGQAZgAPABoADABNAGEAYwBpAG4AdABvAHMAaAAgAEgARAASAE1Vc2Vycy9kYW5pZWxidW9uYWl1dG8vRG9jdW1lbnRzL2dpdC9zcHJpbmdmcmVlemUvcmVmcy9Jbm91eWUtMjAwOC1FY29sb2d5LnBkZgAAEwABLwAAFQACABb//wAAgAbSGxwdHlokY2xhc3NuYW1lWCRjbGFzc2VzXU5TTXV0YWJsZURhdGGjHR8gVk5TRGF0YVhOU09iamVjdNIbHCIjXE5TRGljdGlvbmFyeaIiIF8QD05TS2V5ZWRBcmNoaXZlctEmJ1Ryb290gAEACAARABoAIwAtADIANwBAAEYATQBVAGAAZwBqAGwAbgBxAHMAdQB3AIQAjgDDAMgA0AK+AsACxQLQAtkC5wLrAvIC+wMAAw0DEAMiAyUDKgAAAAAAAAIBAAAAAAAAACgAAAAAAAAAAAAAAAAAAAMs}}

@article{Wolkovich2014,
	Author = {E. Wolkovich and A. Ettinger},
	Date-Added = {2017-04-09 18:01:43 +0000},
	Date-Modified = {2017-04-09 18:03:32 +0000},
	Journal = {New Phytologist},
	Pages = {1021--1023},
	Title = {Back to the future for plant phenology research},
	Volume = {203},
	Year = {2014},
	Bdsk-File-1 = {YnBsaXN0MDDUAQIDBAUGJCVYJHZlcnNpb25YJG9iamVjdHNZJGFyY2hpdmVyVCR0b3ASAAGGoKgHCBMUFRYaIVUkbnVsbNMJCgsMDxJXTlMua2V5c1pOUy5vYmplY3RzViRjbGFzc6INDoACgAOiEBGABIAFgAdccmVsYXRpdmVQYXRoWWFsaWFzRGF0YV8QQS4uLy4uLy4uLy4uLy4uL0Rvd25sb2Fkcy9Xb2xrb3ZpY2hfZXRfYWwtMjAxNC1OZXdfUGh5dG9sb2dpc3QucGRm0hcLGBlXTlMuZGF0YU8RAfAAAAAAAfAAAgAADE1hY2ludG9zaCBIRAAAAAAAAAAAAAAAAAAAAMpAsaxIKwAAAAUCoR9Xb2xrb3ZpY2hfZXRfYWwtMjAxIzM2QTY1RjYucGRmAAAAAAAAAAAAAAAAAAAAAAAAAAAAAAAAAAAAAAAAAAADamX21Q/vGAAAAAAAAAAAAAUAAgAACSAAAAAAAAAAAAAAAAAAAAAJRG93bmxvYWRzAAAQAAgAAMpA6ewAAAARAAgAANUQJ1gAAAABAAwABQKhAAUCVwAAvuwAAgBPTWFjaW50b3NoIEhEOlVzZXJzOgBkYW5pZWxidW9uYWl1dG86AERvd25sb2FkczoAV29sa292aWNoX2V0X2FsLTIwMSMzNkE2NUY2LnBkZgAADgBSACgAVwBvAGwAawBvAHYAaQBjAGgAXwBlAHQAXwBhAGwALQAyADAAMQA0AC0ATgBlAHcAXwBQAGgAeQB0AG8AbABvAGcAaQBzAHQALgBwAGQAZgAPABoADABNAGEAYwBpAG4AdABvAHMAaAAgAEgARAASAEhVc2Vycy9kYW5pZWxidW9uYWl1dG8vRG93bmxvYWRzL1dvbGtvdmljaF9ldF9hbC0yMDE0LU5ld19QaHl0b2xvZ2lzdC5wZGYAEwABLwAAFQACABb//wAAgAbSGxwdHlokY2xhc3NuYW1lWCRjbGFzc2VzXU5TTXV0YWJsZURhdGGjHR8gVk5TRGF0YVhOU09iamVjdNIbHCIjXE5TRGljdGlvbmFyeaIiIF8QD05TS2V5ZWRBcmNoaXZlctEmJ1Ryb290gAEACAARABoAIwAtADIANwBAAEYATQBVAGAAZwBqAGwAbgBxAHMAdQB3AIQAjgDSANcA3wLTAtUC2gLlAu4C/AMAAwcDEAMVAyIDJQM3AzoDPwAAAAAAAAIBAAAAAAAAACgAAAAAAAAAAAAAAAAAAANB}}

@article{Whitehead1969,
	Author = {Donald R. Whitehead},
	Date-Added = {2017-04-09 17:57:04 +0000},
	Date-Modified = {2017-04-09 17:58:37 +0000},
	Journal = {Evolution},
	Number = {1},
	Pages = {28-35},
	Title = {Wind Pollination in the Angiosperms: Evolutionary and Environmental Considerations},
	Volume = {23},
	Year = {1969},
	Bdsk-File-1 = {YnBsaXN0MDDUAQIDBAUGJCVYJHZlcnNpb25YJG9iamVjdHNZJGFyY2hpdmVyVCR0b3ASAAGGoKgHCBMUFRYaIVUkbnVsbNMJCgsMDxJXTlMua2V5c1pOUy5vYmplY3RzViRjbGFzc6INDoACgAOiEBGABIAFgAdccmVsYXRpdmVQYXRoWWFsaWFzRGF0YV8QXS4uLy4uLy4uLy4uLy4uL0Rlc2t0b3AvSGFydmFyZC9Qcm9qZWN0cy9IeXN0ZXJhbnRob3VzL1dpbmQgcG9sbGluYXRpb24gaW4gdGhlIGFuZ2lvc3Blcm1zLnBkZtIXCxgZV05TLmRhdGFPEQI6AAAAAAI6AAIAAAxNYWNpbnRvc2ggSEQAAAAAAAAAAAAAAAAAAADKQLGsSCsAAAM+YZIfV2luZCBwb2xsaW5hdGlvbiBpbiMzNDhFMkVELnBkZgAAAAAAAAAAAAAAAAAAAAAAAAAAAAAAAAAAAAAAAAAAA0ji7dQiZaIAAAAAAAAAAAAFAAUAAAkgAAAAAAAAAAAAAAAAAAAADUh5c3RlcmFudGhvdXMAABAACAAAykDp7AAAABEACAAA1CKd4gAAAAEAGAM+YZIDPmGOAz4JMQAFAvUABQJXAAC+7AACAG9NYWNpbnRvc2ggSEQ6VXNlcnM6AGRhbmllbGJ1b25haXV0bzoARGVza3RvcDoASGFydmFyZDoAUHJvamVjdHM6AEh5c3RlcmFudGhvdXM6AFdpbmQgcG9sbGluYXRpb24gaW4jMzQ4RTJFRC5wZGYAAA4AUAAnAFcAaQBuAGQAIABwAG8AbABsAGkAbgBhAHQAaQBvAG4AIABpAG4AIAB0AGgAZQAgAGEAbgBnAGkAbwBzAHAAZQByAG0AcwAuAHAAZABmAA8AGgAMAE0AYQBjAGkAbgB0AG8AcwBoACAASABEABIAZFVzZXJzL2RhbmllbGJ1b25haXV0by9EZXNrdG9wL0hhcnZhcmQvUHJvamVjdHMvSHlzdGVyYW50aG91cy9XaW5kIHBvbGxpbmF0aW9uIGluIHRoZSBhbmdpb3NwZXJtcy5wZGYAEwABLwAAFQACABb//wAAgAbSGxwdHlokY2xhc3NuYW1lWCRjbGFzc2VzXU5TTXV0YWJsZURhdGGjHR8gVk5TRGF0YVhOU09iamVjdNIbHCIjXE5TRGljdGlvbmFyeaIiIF8QD05TS2V5ZWRBcmNoaXZlctEmJ1Ryb290gAEACAARABoAIwAtADIANwBAAEYATQBVAGAAZwBqAGwAbgBxAHMAdQB3AIQAjgDuAPMA+wM5AzsDQANLA1QDYgNmA20DdgN7A4gDiwOdA6ADpQAAAAAAAAIBAAAAAAAAACgAAAAAAAAAAAAAAAAAAAOn}}

@article{Crispo2007,
	Author = {Crispo, Erika},
	Date-Added = {2017-04-09 17:53:27 +0000},
	Date-Modified = {2017-04-09 17:53:32 +0000},
	Doi = {10.1111/j.1558-5646.2007.00203.x},
	Issn = {1558-5646},
	Journal = {Evolution},
	Month = {Nov},
	Number = {11},
	Pages = {2469--2479},
	Publisher = {Wiley-Blackwell},
	Title = {THE BALDWIN EFFECT AND GENETIC ASSIMILATION: REVISITING TWO MECHANISMS OF EVOLUTIONARY CHANGE MEDIATED BY PHENOTYPIC PLASTICITY},
	Url = {http://dx.doi.org/10.1111/j.1558-5646.2007.00203.x},
	Volume = {61},
	Year = {2007},
	Bdsk-File-1 = {YnBsaXN0MDDUAQIDBAUGJCVYJHZlcnNpb25YJG9iamVjdHNZJGFyY2hpdmVyVCR0b3ASAAGGoKgHCBMUFRYaIVUkbnVsbNMJCgsMDxJXTlMua2V5c1pOUy5vYmplY3RzViRjbGFzc6INDoACgAOiEBGABIAFgAdccmVsYXRpdmVQYXRoWWFsaWFzRGF0YV8QMi4uLy4uLy4uLy4uLy4uL0Rvd25sb2Fkcy9DcmlzcG8tMjAwNy1Fdm9sdXRpb24ucGRm0hcLGBlXTlMuZGF0YU8RAb4AAAAAAb4AAgAADE1hY2ludG9zaCBIRAAAAAAAAAAAAAAAAAAAAMpAsaxIKwAAAAUCoRlDcmlzcG8tMjAwNy1Fdm9sdXRpb24ucGRmAAAAAAAAAAAAAAAAAAAAAAAAAAAAAAAAAAAAAAAAAAAAAAAAAAADamV51Q/tAwAAAAAAAAAAAAUAAgAACSAAAAAAAAAAAAAAAAAAAAAJRG93bmxvYWRzAAAQAAgAAMpA6ewAAAARAAgAANUQJUMAAAABAAwABQKhAAUCVwAAvuwAAgBJTWFjaW50b3NoIEhEOlVzZXJzOgBkYW5pZWxidW9uYWl1dG86AERvd25sb2FkczoAQ3Jpc3BvLTIwMDctRXZvbHV0aW9uLnBkZgAADgA0ABkAQwByAGkAcwBwAG8ALQAyADAAMAA3AC0ARQB2AG8AbAB1AHQAaQBvAG4ALgBwAGQAZgAPABoADABNAGEAYwBpAG4AdABvAHMAaAAgAEgARAASADlVc2Vycy9kYW5pZWxidW9uYWl1dG8vRG93bmxvYWRzL0NyaXNwby0yMDA3LUV2b2x1dGlvbi5wZGYAABMAAS8AABUAAgAW//8AAIAG0hscHR5aJGNsYXNzbmFtZVgkY2xhc3Nlc11OU011dGFibGVEYXRhox0fIFZOU0RhdGFYTlNPYmplY3TSGxwiI1xOU0RpY3Rpb25hcnmiIiBfEA9OU0tleWVkQXJjaGl2ZXLRJidUcm9vdIABAAgAEQAaACMALQAyADcAQABGAE0AVQBgAGcAagBsAG4AcQBzAHUAdwCEAI4AwwDIANACkgKUApkCpAKtArsCvwLGAs8C1ALhAuQC9gL5Av4AAAAAAAACAQAAAAAAAAAoAAAAAAAAAAAAAAAAAAADAA==}}

@article{Hendry2015,
	Author = {Hendry, Andrew P.},
	Date-Added = {2017-04-09 17:51:28 +0000},
	Date-Modified = {2017-04-09 17:51:38 +0000},
	Doi = {10.1093/jhered/esv060},
	Issn = {1465-7333},
	Journal = {Journal of Heredity},
	Month = {Aug},
	Number = {1},
	Pages = {25--41},
	Publisher = {Oxford University Press (OUP)},
	Title = {Key Questions on the Role of Phenotypic Plasticity in Eco-Evolutionary Dynamics},
	Url = {http://dx.doi.org/10.1093/jhered/esv060},
	Volume = {107},
	Year = {2015},
	Bdsk-File-1 = {YnBsaXN0MDDUAQIDBAUGJCVYJHZlcnNpb25YJG9iamVjdHNZJGFyY2hpdmVyVCR0b3ASAAGGoKgHCBMUFRYaIVUkbnVsbNMJCgsMDxJXTlMua2V5c1pOUy5vYmplY3RzViRjbGFzc6INDoACgAOiEBGABIAFgAdccmVsYXRpdmVQYXRoWWFsaWFzRGF0YV8QKC4uLy4uLy4uLy4uLy4uL0Rvd25sb2Fkcy9IZW5kcnkgMjAxNi5wZGbSFwsYGVdOUy5kYXRhTxEBlgAAAAABlgACAAAMTWFjaW50b3NoIEhEAAAAAAAAAAAAAAAAAAAAykCxrEgrAAAABQKhD0hlbmRyeSAyMDE2LnBkZgAAAAAAAAAAAAAAAAAAAAAAAAAAAAAAAAAAAAAAAAAAAAAAAAAAAAAAAAAAAAAAAANqZUzVD+xIAAAAAAAAAAAABQACAAAJIAAAAAAAAAAAAAAAAAAAAAlEb3dubG9hZHMAABAACAAAykDp7AAAABEACAAA1RAkiAAAAAEADAAFAqEABQJXAAC+7AACAD9NYWNpbnRvc2ggSEQ6VXNlcnM6AGRhbmllbGJ1b25haXV0bzoARG93bmxvYWRzOgBIZW5kcnkgMjAxNi5wZGYAAA4AIAAPAEgAZQBuAGQAcgB5ACAAMgAwADEANgAuAHAAZABmAA8AGgAMAE0AYQBjAGkAbgB0AG8AcwBoACAASABEABIAL1VzZXJzL2RhbmllbGJ1b25haXV0by9Eb3dubG9hZHMvSGVuZHJ5IDIwMTYucGRmAAATAAEvAAAVAAIAFv//AACABtIbHB0eWiRjbGFzc25hbWVYJGNsYXNzZXNdTlNNdXRhYmxlRGF0YaMdHyBWTlNEYXRhWE5TT2JqZWN00hscIiNcTlNEaWN0aW9uYXJ5oiIgXxAPTlNLZXllZEFyY2hpdmVy0SYnVHJvb3SAAQAIABEAGgAjAC0AMgA3AEAARgBNAFUAYABnAGoAbABuAHEAcwB1AHcAhACOALkAvgDGAmACYgJnAnICewKJAo0ClAKdAqICrwKyAsQCxwLMAAAAAAAAAgEAAAAAAAAAKAAAAAAAAAAAAAAAAAAAAs4=}}

@article{Matesanz2010,
	Author = {Matesanz, Silvia and Gianoli, Ernesto and Valladares, Fernando},
	Date-Added = {2017-04-09 17:44:31 +0000},
	Date-Modified = {2017-04-09 17:44:40 +0000},
	Doi = {10.1111/j.1749-6632.2010.05704.x},
	Issn = {0077-8923},
	Journal = {Annals of the New York Academy of Sciences},
	Month = {Sep},
	Number = {1},
	Pages = {35--55},
	Publisher = {Wiley-Blackwell},
	Title = {Global change and the evolution of phenotypic plasticity in plants},
	Url = {http://dx.doi.org/10.1111/j.1749-6632.2010.05704.x},
	Volume = {1206},
	Year = {2010},
	Bdsk-File-1 = {YnBsaXN0MDDUAQIDBAUGJCVYJHZlcnNpb25YJG9iamVjdHNZJGFyY2hpdmVyVCR0b3ASAAGGoKgHCBMUFRYaIVUkbnVsbNMJCgsMDxJXTlMua2V5c1pOUy5vYmplY3RzViRjbGFzc6INDoACgAOiEBGABIAFgAdccmVsYXRpdmVQYXRoWWFsaWFzRGF0YV8QaC4uLy4uLy4uLy4uLy4uL0Rlc2t0b3AvMjc4L3BsYXN0aWNpdHkvTWF0ZXNhbnpfZXRfYWwtMjAxMC1Bbm5hbHNfb2ZfdGhlX05ld19Zb3JrX0FjYWRlbXlfb2ZfU2NpZW5jZXMucGRm0hcLGBlXTlMuZGF0YU8RAmIAAAAAAmIAAgAADE1hY2ludG9zaCBIRAAAAAAAAAAAAAAAAAAAAMpAsaxIKwAAA2iPhx9NYXRlc2Fuel9ldF9hbC0yMDEwIzM2ODhGMjEucGRmAAAAAAAAAAAAAAAAAAAAAAAAAAAAAAAAAAAAAAAAAAADaI8h1PcX8wAAAAAAAAAAAAUABAAACSAAAAAAAAAAAAAAAAAAAAAKcGxhc3RpY2l0eQAQAAgAAMpA6ewAAAARAAgAANT3UDMAAAABABQDaI+HA2pCwgAFAvUABQJXAAC+7AACAF5NYWNpbnRvc2ggSEQ6VXNlcnM6AGRhbmllbGJ1b25haXV0bzoARGVza3RvcDoAMjc4OgBwbGFzdGljaXR5OgBNYXRlc2Fuel9ldF9hbC0yMDEwIzM2ODhGMjEucGRmAA4AhgBCAE0AYQB0AGUAcwBhAG4AegBfAGUAdABfAGEAbAAtADIAMAAxADAALQBBAG4AbgBhAGwAcwBfAG8AZgBfAHQAaABlAF8ATgBlAHcAXwBZAG8AcgBrAF8AQQBjAGEAZABlAG0AeQBfAG8AZgBfAFMAYwBpAGUAbgBjAGUAcwAuAHAAZABmAA8AGgAMAE0AYQBjAGkAbgB0AG8AcwBoACAASABEABIAb1VzZXJzL2RhbmllbGJ1b25haXV0by9EZXNrdG9wLzI3OC9wbGFzdGljaXR5L01hdGVzYW56X2V0X2FsLTIwMTAtQW5uYWxzX29mX3RoZV9OZXdfWW9ya19BY2FkZW15X29mX1NjaWVuY2VzLnBkZgAAEwABLwAAFQACABb//wAAgAbSGxwdHlokY2xhc3NuYW1lWCRjbGFzc2VzXU5TTXV0YWJsZURhdGGjHR8gVk5TRGF0YVhOU09iamVjdNIbHCIjXE5TRGljdGlvbmFyeaIiIF8QD05TS2V5ZWRBcmNoaXZlctEmJ1Ryb290gAEACAARABoAIwAtADIANwBAAEYATQBVAGAAZwBqAGwAbgBxAHMAdQB3AIQAjgD5AP4BBgNsA24DcwN+A4cDlQOZA6ADqQOuA7sDvgPQA9MD2AAAAAAAAAIBAAAAAAAAACgAAAAAAAAAAAAAAAAAAAPa}}

@article{Vitasse2013,
	Author = {Vitasse, Yann and Hoch, G{\"u}nter and Randin, Christophe F. and Lenz, Armando and Kollas, Chris and Scheepens, J. F. and K{\"o}rner, Christian},
	Date-Added = {2017-04-09 17:42:24 +0000},
	Date-Modified = {2017-04-09 17:42:31 +0000},
	Doi = {10.1007/s00442-012-2580-9},
	Issn = {1432-1939},
	Journal = {Oecologia},
	Month = {Jan},
	Number = {3},
	Pages = {663--678},
	Publisher = {Springer Nature},
	Title = {Elevational adaptation and plasticity in seedling phenology of temperate deciduous tree species},
	Url = {http://dx.doi.org/10.1007/s00442-012-2580-9},
	Volume = {171},
	Year = {2013},
	Bdsk-File-1 = {YnBsaXN0MDDUAQIDBAUGJCVYJHZlcnNpb25YJG9iamVjdHNZJGFyY2hpdmVyVCR0b3ASAAGGoKgHCBMUFRYaIVUkbnVsbNMJCgsMDxJXTlMua2V5c1pOUy5vYmplY3RzViRjbGFzc6INDoACgAOiEBGABIAFgAdccmVsYXRpdmVQYXRoWWFsaWFzRGF0YV8QTS4uLy4uLy4uLy4uLy4uL0Rlc2t0b3AvMjc4L3BsYXN0aWNpdHkvYXJ0JTNBMTAuMTAwNyUyRnMwMDQ0Mi0wMTItMjU4MC05IDIucGRm0hcLGBlXTlMuZGF0YU8RAhAAAAAAAhAAAgAADE1hY2ludG9zaCBIRAAAAAAAAAAAAAAAAAAAAMpAsaxIKwAAA2iPhx9hcnQlM0ExMC4xMDA3JTJGczAwIzM2ODkyN0UucGRmAAAAAAAAAAAAAAAAAAAAAAAAAAAAAAAAAAAAAAAAAAADaJJ+1PcfJAAAAAAAAAAAAAUABAAACSAAAAAAAAAAAAAAAAAAAAAKcGxhc3RpY2l0eQAQAAgAAMpA6ewAAAARAAgAANT3V2QAAAABABQDaI+HA2pCwgAFAvUABQJXAAC+7AACAF5NYWNpbnRvc2ggSEQ6VXNlcnM6AGRhbmllbGJ1b25haXV0bzoARGVza3RvcDoAMjc4OgBwbGFzdGljaXR5OgBhcnQlM0ExMC4xMDA3JTJGczAwIzM2ODkyN0UucGRmAA4AUAAnAGEAcgB0ACUAMwBBADEAMAAuADEAMAAwADcAJQAyAEYAcwAwADAANAA0ADIALQAwADEAMgAtADIANQA4ADAALQA5ACAAMgAuAHAAZABmAA8AGgAMAE0AYQBjAGkAbgB0AG8AcwBoACAASABEABIAVFVzZXJzL2RhbmllbGJ1b25haXV0by9EZXNrdG9wLzI3OC9wbGFzdGljaXR5L2FydCUzQTEwLjEwMDclMkZzMDA0NDItMDEyLTI1ODAtOSAyLnBkZgATAAEvAAAVAAIAFv//AACABtIbHB0eWiRjbGFzc25hbWVYJGNsYXNzZXNdTlNNdXRhYmxlRGF0YaMdHyBWTlNEYXRhWE5TT2JqZWN00hscIiNcTlNEaWN0aW9uYXJ5oiIgXxAPTlNLZXllZEFyY2hpdmVy0SYnVHJvb3SAAQAIABEAGgAjAC0AMgA3AEAARgBNAFUAYABnAGoAbABuAHEAcwB1AHcAhACOAN4A4wDrAv8DAQMGAxEDGgMoAywDMwM8A0EDTgNRA2MDZgNrAAAAAAAAAgEAAAAAAAAAKAAAAAAAAAAAAAAAAAAAA20=},
	Bdsk-File-2 = {YnBsaXN0MDDUAQIDBAUGJCVYJHZlcnNpb25YJG9iamVjdHNZJGFyY2hpdmVyVCR0b3ASAAGGoKgHCBMUFRYaIVUkbnVsbNMJCgsMDxJXTlMua2V5c1pOUy5vYmplY3RzViRjbGFzc6INDoACgAOiEBGABIAFgAdccmVsYXRpdmVQYXRoWWFsaWFzRGF0YV8QLS4uLy4uLy4uL3NwcmluZ2ZyZWV6ZS9yZWZzL0xlbnpfZXRhbF8yMDEzLnBkZtIXCxgZV05TLmRhdGFPEQHWAAAAAAHWAAIAAAxNYWNpbnRvc2ggSEQAAAAAAAAAAAAAAAAAAADKQLGsSCsAAANjEGkSTGVuel9ldGFsXzIwMTMucGRmAAAAAAAAAAAAAAAAAAAAAAAAAAAAAAAAAAAAAAAAAAAAAAAAAAAAAAAAAAAAA2MQm9S3vKMAAAAAAAAAAAADAAMAAAkgAAAAAAAAAAAAAAAAAAAABHJlZnMAEAAIAADKQOnsAAAAEQAIAADUuALzAAAAAQAYA2MQaQNJhkwDR0e+AAUCWAAFAlcAAL7sAAIAW01hY2ludG9zaCBIRDpVc2VyczoAZGFuaWVsYnVvbmFpdXRvOgBEb2N1bWVudHM6AGdpdDoAc3ByaW5nZnJlZXplOgByZWZzOgBMZW56X2V0YWxfMjAxMy5wZGYAAA4AJgASAEwAZQBuAHoAXwBlAHQAYQBsAF8AMgAwADEAMwAuAHAAZABmAA8AGgAMAE0AYQBjAGkAbgB0AG8AcwBoACAASABEABIASFVzZXJzL2RhbmllbGJ1b25haXV0by9Eb2N1bWVudHMvZ2l0L3NwcmluZ2ZyZWV6ZS9yZWZzL0xlbnpfZXRhbF8yMDEzLnBkZgATAAEvAAAVAAIAFv//AACABtIbHB0eWiRjbGFzc25hbWVYJGNsYXNzZXNdTlNNdXRhYmxlRGF0YaMdHyBWTlNEYXRhWE5TT2JqZWN00hscIiNcTlNEaWN0aW9uYXJ5oiIgXxAPTlNLZXllZEFyY2hpdmVy0SYnVHJvb3SAAQAIABEAGgAjAC0AMgA3AEAARgBNAFUAYABnAGoAbABuAHEAcwB1AHcAhACOAL4AwwDLAqUCpwKsArcCwALOAtIC2QLiAucC9AL3AwkDDAMRAAAAAAAAAgEAAAAAAAAAKAAAAAAAAAAAAAAAAAAAAxM=}}

@article{Forrest2010,
	Author = {Forrest, J. and Miller-Rushing, A. J.},
	Date-Added = {2017-04-09 17:38:56 +0000},
	Date-Modified = {2017-04-09 17:39:11 +0000},
	Doi = {10.1098/rstb.2010.0145},
	Issn = {1471-2970},
	Journal = {Philosophical Transactions of the Royal Society B: Biological Sciences},
	Month = {Sep},
	Number = {1555},
	Pages = {3101--3112},
	Publisher = {The Royal Society},
	Title = {Toward a synthetic understanding of the role of phenology in ecology and evolution},
	Url = {http://dx.doi.org/10.1098/rstb.2010.0145},
	Volume = {365},
	Year = {2010},
	Bdsk-File-1 = {YnBsaXN0MDDUAQIDBAUGJCVYJHZlcnNpb25YJG9iamVjdHNZJGFyY2hpdmVyVCR0b3ASAAGGoKgHCBMUFRYaIVUkbnVsbNMJCgsMDxJXTlMua2V5c1pOUy5vYmplY3RzViRjbGFzc6INDoACgAOiEBGABIAFgAdccmVsYXRpdmVQYXRoWWFsaWFzRGF0YV8QJi4uLy4uLy4uLy4uLy4uL0Rlc2t0b3AvMjc4L0ZvcnJlc3QucGRm0hcLGBlXTlMuZGF0YU8RAYgAAAAAAYgAAgAADE1hY2ludG9zaCBIRAAAAAAAAAAAAAAAAAAAAMpAsaxIKwAAA2pCwgtGb3JyZXN0LnBkZgAAAAAAAAAAAAAAAAAAAAAAAAAAAAAAAAAAAAAAAAAAAAAAAAAAAAAAAAAAAAAAAAAAAAADamSk1Q/piAAAAAAAAAAAAAUAAwAACSAAAAAAAAAAAAAAAAAAAAADMjc4AAAQAAgAAMpA6ewAAAARAAgAANUQIcgAAAABABADakLCAAUC9QAFAlcAAL7sAAIAPk1hY2ludG9zaCBIRDpVc2VyczoAZGFuaWVsYnVvbmFpdXRvOgBEZXNrdG9wOgAyNzg6AEZvcnJlc3QucGRmAA4AGAALAEYAbwByAHIAZQBzAHQALgBwAGQAZgAPABoADABNAGEAYwBpAG4AdABvAHMAaAAgAEgARAASAC1Vc2Vycy9kYW5pZWxidW9uYWl1dG8vRGVza3RvcC8yNzgvRm9ycmVzdC5wZGYAABMAAS8AABUAAgAW//8AAIAG0hscHR5aJGNsYXNzbmFtZVgkY2xhc3Nlc11OU011dGFibGVEYXRhox0fIFZOU0RhdGFYTlNPYmplY3TSGxwiI1xOU0RpY3Rpb25hcnmiIiBfEA9OU0tleWVkQXJjaGl2ZXLRJidUcm9vdIABAAgAEQAaACMALQAyADcAQABGAE0AVQBgAGcAagBsAG4AcQBzAHUAdwCEAI4AtwC8AMQCUAJSAlcCYgJrAnkCfQKEAo0CkgKfAqICtAK3ArwAAAAAAAACAQAAAAAAAAAoAAAAAAAAAAAAAAAAAAACvg==}}

@article{Menzel2006,
	Author = {Menzel, Annette and Sparks, Tim H. and Estrella, Nicole and Koch, Elisabeth and AASA, ANTO and AHAS, REIN and ALM-K{\"U}BLER, KERSTIN and BISSOLLI, PETER and BRASLAVSK{\'A}, OL'GA and BRIEDE, AGRITA and et al.},
	Date-Added = {2017-04-09 17:34:28 +0000},
	Date-Modified = {2017-04-09 19:17:10 +0000},
	Doi = {10.1111/j.1365-2486.2006.01193.x},
	Issn = {1365-2486},
	Journal = {Global Change Biology},
	Month = {Oct},
	Number = {10},
	Pages = {1969--1976},
	Publisher = {Wiley-Blackwell},
	Title = {European phenological response to climate change matches the warming pattern},
	Url = {http://dx.doi.org/10.1111/j.1365-2486.2006.01193.x},
	Volume = {12},
	Year = {2006},
	Bdsk-File-1 = {YnBsaXN0MDDUAQIDBAUGJCVYJHZlcnNpb25YJG9iamVjdHNZJGFyY2hpdmVyVCR0b3ASAAGGoKgHCBMUFRYaIVUkbnVsbNMJCgsMDxJXTlMua2V5c1pOUy5vYmplY3RzViRjbGFzc6INDoACgAOiEBGABIAFgAdccmVsYXRpdmVQYXRoWWFsaWFzRGF0YV8QRC4uLy4uLy4uLy4uLy4uL0Rvd25sb2Fkcy9NRU5aRUxfZXRfYWwtMjAwNi1HbG9iYWxfQ2hhbmdlX0Jpb2xvZ3kucGRm0hcLGBlXTlMuZGF0YU8RAfoAAAAAAfoAAgAADE1hY2ludG9zaCBIRAAAAAAAAAAAAAAAAAAAAMpAsaxIKwAAAAUCoR9NRU5aRUxfZXRfYWwtMjAwNi1HIzM2QTY0NUUucGRmAAAAAAAAAAAAAAAAAAAAAAAAAAAAAAAAAAAAAAAAAAADamRe1Q/ouwAAAAAAAAAAAAUAAgAACSAAAAAAAAAAAAAAAAAAAAAJRG93bmxvYWRzAAAQAAgAAMpA6ewAAAARAAgAANUQIPsAAAABAAwABQKhAAUCVwAAvuwAAgBPTWFjaW50b3NoIEhEOlVzZXJzOgBkYW5pZWxidW9uYWl1dG86AERvd25sb2FkczoATUVOWkVMX2V0X2FsLTIwMDYtRyMzNkE2NDVFLnBkZgAADgBYACsATQBFAE4AWgBFAEwAXwBlAHQAXwBhAGwALQAyADAAMAA2AC0ARwBsAG8AYgBhAGwAXwBDAGgAYQBuAGcAZQBfAEIAaQBvAGwAbwBnAHkALgBwAGQAZgAPABoADABNAGEAYwBpAG4AdABvAHMAaAAgAEgARAASAEtVc2Vycy9kYW5pZWxidW9uYWl1dG8vRG93bmxvYWRzL01FTlpFTF9ldF9hbC0yMDA2LUdsb2JhbF9DaGFuZ2VfQmlvbG9neS5wZGYAABMAAS8AABUAAgAW//8AAIAG0hscHR5aJGNsYXNzbmFtZVgkY2xhc3Nlc11OU011dGFibGVEYXRhox0fIFZOU0RhdGFYTlNPYmplY3TSGxwiI1xOU0RpY3Rpb25hcnmiIiBfEA9OU0tleWVkQXJjaGl2ZXLRJidUcm9vdIABAAgAEQAaACMALQAyADcAQABGAE0AVQBgAGcAagBsAG4AcQBzAHUAdwCEAI4A1QDaAOIC4ALiAucC8gL7AwkDDQMUAx0DIgMvAzIDRANHA0wAAAAAAAACAQAAAAAAAAAoAAAAAAAAAAAAAAAAAAADTg==}}

@article{Anderson2012,
	Author = {Anderson, J. T. and Inouye, D. W. and McKinney, A. M. and Colautti, R. I. and Mitchell-Olds, T.},
	Date-Added = {2017-04-09 17:32:02 +0000},
	Date-Modified = {2017-04-09 17:32:10 +0000},
	Doi = {10.1098/rspb.2012.1051},
	Issn = {1471-2954},
	Journal = {Proceedings of the Royal Society B: Biological Sciences},
	Month = {Jul},
	Number = {1743},
	Pages = {3843--3852},
	Publisher = {The Royal Society},
	Title = {Phenotypic plasticity and adaptive evolution contribute to advancing flowering phenology in response to climate change},
	Url = {http://dx.doi.org/10.1098/rspb.2012.1051},
	Volume = {279},
	Year = {2012},
	Bdsk-File-1 = {YnBsaXN0MDDUAQIDBAUGJCVYJHZlcnNpb25YJG9iamVjdHNZJGFyY2hpdmVyVCR0b3ASAAGGoKgHCBMUFRYaIVUkbnVsbNMJCgsMDxJXTlMua2V5c1pOUy5vYmplY3RzViRjbGFzc6INDoACgAOiEBGABIAFgAdccmVsYXRpdmVQYXRoWWFsaWFzRGF0YV8QMy4uLy4uLy4uLy4uLy4uL0Rlc2t0b3AvMjc4L3BsYXN0aWNpdHkvMzg0My5mdWxsLnBkZtIXCxgZV05TLmRhdGFPEQGwAAAAAAGwAAIAAAxNYWNpbnRvc2ggSEQAAAAAAAAAAAAAAAAAAADKQLGsSCsAAANoj4cNMzg0My5mdWxsLnBkZgAAAAAAAAAAAAAAAAAAAAAAAAAAAAAAAAAAAAAAAAAAAAAAAAAAAAAAAAAAAAAAAAAAA2iPTNT3GIIAAAAAAAAAAAAFAAQAAAkgAAAAAAAAAAAAAAAAAAAACnBsYXN0aWNpdHkAEAAIAADKQOnsAAAAEQAIAADU91DCAAAAAQAUA2iPhwNqQsIABQL1AAUCVwAAvuwAAgBMTWFjaW50b3NoIEhEOlVzZXJzOgBkYW5pZWxidW9uYWl1dG86AERlc2t0b3A6ADI3ODoAcGxhc3RpY2l0eToAMzg0My5mdWxsLnBkZgAOABwADQAzADgANAAzAC4AZgB1AGwAbAAuAHAAZABmAA8AGgAMAE0AYQBjAGkAbgB0AG8AcwBoACAASABEABIAOlVzZXJzL2RhbmllbGJ1b25haXV0by9EZXNrdG9wLzI3OC9wbGFzdGljaXR5LzM4NDMuZnVsbC5wZGYAEwABLwAAFQACABb//wAAgAbSGxwdHlokY2xhc3NuYW1lWCRjbGFzc2VzXU5TTXV0YWJsZURhdGGjHR8gVk5TRGF0YVhOU09iamVjdNIbHCIjXE5TRGljdGlvbmFyeaIiIF8QD05TS2V5ZWRBcmNoaXZlctEmJ1Ryb290gAEACAARABoAIwAtADIANwBAAEYATQBVAGAAZwBqAGwAbgBxAHMAdQB3AIQAjgDEAMkA0QKFAocCjAKXAqACrgKyArkCwgLHAtQC1wLpAuwC8QAAAAAAAAIBAAAAAAAAACgAAAAAAAAAAAAAAAAAAALz}}

@article{Vitasse2010,
	Author = {Vitasse, Yann and Bresson, Caroline C. and Kremer, Antoine and Michalet, Richard and Delzon, Sylvain},
	Date-Added = {2017-04-09 17:30:43 +0000},
	Date-Modified = {2017-04-09 17:30:51 +0000},
	Doi = {10.1111/j.1365-2435.2010.01748.x},
	Issn = {0269-8463},
	Journal = {Functional Ecology},
	Month = {Jul},
	Number = {6},
	Pages = {1211--1218},
	Publisher = {Wiley-Blackwell},
	Title = {Quantifying phenological plasticity to temperature in two temperate tree species},
	Url = {http://dx.doi.org/10.1111/j.1365-2435.2010.01748.x},
	Volume = {24},
	Year = {2010},
	Bdsk-File-1 = {YnBsaXN0MDDUAQIDBAUGJCVYJHZlcnNpb25YJG9iamVjdHNZJGFyY2hpdmVyVCR0b3ASAAGGoKgHCBMUFRYaIVUkbnVsbNMJCgsMDxJXTlMua2V5c1pOUy5vYmplY3RzViRjbGFzc6INDoACgAOiEBGABIAFgAdccmVsYXRpdmVQYXRoWWFsaWFzRGF0YV8QTy4uLy4uLy4uLy4uLy4uL0Rlc2t0b3AvMjc4L3BsYXN0aWNpdHkvVml0YXNzZV9ldF9hbC0yMDEwLUZ1bmN0aW9uYWxfRWNvbG9neS5wZGbSFwsYGVdOUy5kYXRhTxECFgAAAAACFgACAAAMTWFjaW50b3NoIEhEAAAAAAAAAAAAAAAAAAAAykCxrEgrAAADaI+HH1ZpdGFzc2VfZXRfYWwtMjAxMC0jMzY4OEY3OC5wZGYAAAAAAAAAAAAAAAAAAAAAAAAAAAAAAAAAAAAAAAAAAANoj3jU9xjMAAAAAAAAAAAABQAEAAAJIAAAAAAAAAAAAAAAAAAAAApwbGFzdGljaXR5ABAACAAAykDp7AAAABEACAAA1PdRDAAAAAEAFANoj4cDakLCAAUC9QAFAlcAAL7sAAIAXk1hY2ludG9zaCBIRDpVc2VyczoAZGFuaWVsYnVvbmFpdXRvOgBEZXNrdG9wOgAyNzg6AHBsYXN0aWNpdHk6AFZpdGFzc2VfZXRfYWwtMjAxMC0jMzY4OEY3OC5wZGYADgBUACkAVgBpAHQAYQBzAHMAZQBfAGUAdABfAGEAbAAtADIAMAAxADAALQBGAHUAbgBjAHQAaQBvAG4AYQBsAF8ARQBjAG8AbABvAGcAeQAuAHAAZABmAA8AGgAMAE0AYQBjAGkAbgB0AG8AcwBoACAASABEABIAVlVzZXJzL2RhbmllbGJ1b25haXV0by9EZXNrdG9wLzI3OC9wbGFzdGljaXR5L1ZpdGFzc2VfZXRfYWwtMjAxMC1GdW5jdGlvbmFsX0Vjb2xvZ3kucGRmABMAAS8AABUAAgAW//8AAIAG0hscHR5aJGNsYXNzbmFtZVgkY2xhc3Nlc11OU011dGFibGVEYXRhox0fIFZOU0RhdGFYTlNPYmplY3TSGxwiI1xOU0RpY3Rpb25hcnmiIiBfEA9OU0tleWVkQXJjaGl2ZXLRJidUcm9vdIABAAgAEQAaACMALQAyADcAQABGAE0AVQBgAGcAagBsAG4AcQBzAHUAdwCEAI4A4ADlAO0DBwMJAw4DGQMiAzADNAM7A0QDSQNWA1kDawNuA3MAAAAAAAACAQAAAAAAAAAoAAAAAAAAAAAAAAAAAAADdQ==}}

@article{Gu2008,
	Author = {Gu, Lianhong. and PAUL J. HANSON, W. MAC POST, DALE P. KAISER, BAI YANG, RAMAKRISHNA NEMANI, STEPHEN G. PALLARDY, AND TILDEN MEYERS},
	Date-Added = {2017-04-06 19:29:11 +0000},
	Date-Modified = {2017-04-30 18:40:33 +0000},
	Journal = {BioScience},
	Number = {3},
	Pages = {253-262},
	Title = {The 2007 Eastern US Spring Freeze: Increased Cold Damage in a Warming World?},
	Volume = {58},
	Year = {2008},
	Bdsk-File-1 = {YnBsaXN0MDDUAQIDBAUGJCVYJHZlcnNpb25YJG9iamVjdHNZJGFyY2hpdmVyVCR0b3ASAAGGoKgHCBMUFRYaIVUkbnVsbNMJCgsMDxJXTlMua2V5c1pOUy5vYmplY3RzViRjbGFzc6INDoACgAOiEBGABIAFgAdccmVsYXRpdmVQYXRoWWFsaWFzRGF0YV8QLS4uLy4uLy4uLy4uLy4uL0Rlc2t0b3AvMjc4L0d1XzIwMDhfQmlvU2NpLnBkZtIXCxgZV05TLmRhdGFPEQGkAAAAAAGkAAIAAAxNYWNpbnRvc2ggSEQAAAAAAAAAAAAAAAAAAADKQLGsSCsAAANqQsISR3VfMjAwOF9CaW9TY2kucGRmAAAAAAAAAAAAAAAAAAAAAAAAAAAAAAAAAAAAAAAAAAAAAAAAAAAAAAAAAAAAA2pCzdS3vKAAAAAAAAAAAAAFAAMAAAkgAAAAAAAAAAAAAAAAAAAAAzI3OAAAEAAIAADKQOnsAAAAEQAIAADUuALwAAAAAQAQA2pCwgAFAvUABQJXAAC+7AACAEVNYWNpbnRvc2ggSEQ6VXNlcnM6AGRhbmllbGJ1b25haXV0bzoARGVza3RvcDoAMjc4OgBHdV8yMDA4X0Jpb1NjaS5wZGYAAA4AJgASAEcAdQBfADIAMAAwADgAXwBCAGkAbwBTAGMAaQAuAHAAZABmAA8AGgAMAE0AYQBjAGkAbgB0AG8AcwBoACAASABEABIANFVzZXJzL2RhbmllbGJ1b25haXV0by9EZXNrdG9wLzI3OC9HdV8yMDA4X0Jpb1NjaS5wZGYAEwABLwAAFQACABb//wAAgAbSGxwdHlokY2xhc3NuYW1lWCRjbGFzc2VzXU5TTXV0YWJsZURhdGGjHR8gVk5TRGF0YVhOU09iamVjdNIbHCIjXE5TRGljdGlvbmFyeaIiIF8QD05TS2V5ZWRBcmNoaXZlctEmJ1Ryb290gAEACAARABoAIwAtADIANwBAAEYATQBVAGAAZwBqAGwAbgBxAHMAdQB3AIQAjgC+AMMAywJzAnUCegKFAo4CnAKgAqcCsAK1AsICxQLXAtoC3wAAAAAAAAIBAAAAAAAAACgAAAAAAAAAAAAAAAAAAALh}}

@article{Wolkovich2012,
	Author = {Wolkovich, E. M. and Cook, B. I. and Allen, J. M. and Crimmins, T. M. and Betancourt, J. L. and Travers, S. E. and Pau, S. and Regetz, J. and Davies, T. J. and Kraft, N. J. B. and et al.},
	Date-Added = {2017-04-04 20:03:51 +0000},
	Date-Modified = {2017-04-06 19:01:01 +0000},
	Doi = {10.1038/nature11014},
	Issn = {1476-4687},
	Journal = {Nature},
	Month = {May},
	Publisher = {Springer Nature},
	Title = {Warming experiments underpredict plant phenological responses to climate change},
	Url = {http://dx.doi.org/10.1038/nature11014},
	Year = {2012},
	Bdsk-File-1 = {YnBsaXN0MDDUAQIDBAUGJCVYJHZlcnNpb25YJG9iamVjdHNZJGFyY2hpdmVyVCR0b3ASAAGGoKgHCBMUFRYaIVUkbnVsbNMJCgsMDxJXTlMua2V5c1pOUy5vYmplY3RzViRjbGFzc6INDoACgAOiEBGABIAFgAdccmVsYXRpdmVQYXRoWWFsaWFzRGF0YV8QOi4uLy4uLy4uLy4uLy4uL0Rlc2t0b3AvMjc4L1dvbGtvdmljaCBldCBhbCAyMDEyIE5hdHVyZS5wZGbSFwsYGVdOUy5kYXRhTxEB2AAAAAAB2AACAAAMTWFjaW50b3NoIEhEAAAAAAAAAAAAAAAAAAAAykCxrEgrAAADakLCH1dvbGtvdmljaCBldCBhbCAyMDEyIE5hdHVyZS5wZGYAAAAAAAAAAAAAAAAAAAAAAAAAAAAAAAAAAAAAAAAAAANpx1TUt7yoAAAAAAAAAAAABQADAAAJIAAAAAAAAAAAAAAAAAAAAAMyNzgAABAACAAAykDp7AAAABEACAAA1LgC+AAAAAEAEANqQsIABQL1AAUCVwAAvuwAAgBSTWFjaW50b3NoIEhEOlVzZXJzOgBkYW5pZWxidW9uYWl1dG86AERlc2t0b3A6ADI3ODoAV29sa292aWNoIGV0IGFsIDIwMTIgTmF0dXJlLnBkZgAOAEAAHwBXAG8AbABrAG8AdgBpAGMAaAAgAGUAdAAgAGEAbAAgADIAMAAxADIAIABOAGEAdAB1AHIAZQAuAHAAZABmAA8AGgAMAE0AYQBjAGkAbgB0AG8AcwBoACAASABEABIAQVVzZXJzL2RhbmllbGJ1b25haXV0by9EZXNrdG9wLzI3OC9Xb2xrb3ZpY2ggZXQgYWwgMjAxMiBOYXR1cmUucGRmAAATAAEvAAAVAAIAFv//AACABtIbHB0eWiRjbGFzc25hbWVYJGNsYXNzZXNdTlNNdXRhYmxlRGF0YaMdHyBWTlNEYXRhWE5TT2JqZWN00hscIiNcTlNEaWN0aW9uYXJ5oiIgXxAPTlNLZXllZEFyY2hpdmVy0SYnVHJvb3SAAQAIABEAGgAjAC0AMgA3AEAARgBNAFUAYABnAGoAbABuAHEAcwB1AHcAhACOAMsA0ADYArQCtgK7AsYCzwLdAuEC6ALxAvYDAwMGAxgDGwMgAAAAAAAAAgEAAAAAAAAAKAAAAAAAAAAAAAAAAAAAAyI=},
	Bdsk-File-2 = {YnBsaXN0MDDUAQIDBAUGJCVYJHZlcnNpb25YJG9iamVjdHNZJGFyY2hpdmVyVCR0b3ASAAGGoKgHCBMUFRYaIVUkbnVsbNMJCgsMDxJXTlMua2V5c1pOUy5vYmplY3RzViRjbGFzc6INDoACgAOiEBGABIAFgAdccmVsYXRpdmVQYXRoWWFsaWFzRGF0YV8QQS4uLy4uLy4uLy4uLy4uL0Rvd25sb2Fkcy9Xb2xrb3ZpY2hfZXRfYWwtMjAxNC1OZXdfUGh5dG9sb2dpc3QucGRm0hcLGBlXTlMuZGF0YU8RAfAAAAAAAfAAAgAADE1hY2ludG9zaCBIRAAAAAAAAAAAAAAAAAAAAMpAsaxIKwAAAAUCoR9Xb2xrb3ZpY2hfZXRfYWwtMjAxIzM2QTY1RjYucGRmAAAAAAAAAAAAAAAAAAAAAAAAAAAAAAAAAAAAAAAAAAADamX21Q/vGAAAAAAAAAAAAAUAAgAACSAAAAAAAAAAAAAAAAAAAAAJRG93bmxvYWRzAAAQAAgAAMpA6ewAAAARAAgAANUQJ1gAAAABAAwABQKhAAUCVwAAvuwAAgBPTWFjaW50b3NoIEhEOlVzZXJzOgBkYW5pZWxidW9uYWl1dG86AERvd25sb2FkczoAV29sa292aWNoX2V0X2FsLTIwMSMzNkE2NUY2LnBkZgAADgBSACgAVwBvAGwAawBvAHYAaQBjAGgAXwBlAHQAXwBhAGwALQAyADAAMQA0AC0ATgBlAHcAXwBQAGgAeQB0AG8AbABvAGcAaQBzAHQALgBwAGQAZgAPABoADABNAGEAYwBpAG4AdABvAHMAaAAgAEgARAASAEhVc2Vycy9kYW5pZWxidW9uYWl1dG8vRG93bmxvYWRzL1dvbGtvdmljaF9ldF9hbC0yMDE0LU5ld19QaHl0b2xvZ2lzdC5wZGYAEwABLwAAFQACABb//wAAgAbSGxwdHlokY2xhc3NuYW1lWCRjbGFzc2VzXU5TTXV0YWJsZURhdGGjHR8gVk5TRGF0YVhOU09iamVjdNIbHCIjXE5TRGljdGlvbmFyeaIiIF8QD05TS2V5ZWRBcmNoaXZlctEmJ1Ryb290gAEACAARABoAIwAtADIANwBAAEYATQBVAGAAZwBqAGwAbgBxAHMAdQB3AIQAjgDSANcA3wLTAtUC2gLlAu4C/AMAAwcDEAMVAyIDJQM3AzoDPwAAAAAAAAIBAAAAAAAAACgAAAAAAAAAAAAAAAAAAANB}}

@article{Kramer1995,
	Author = {Kramer, K},
	Date-Added = {2017-04-04 20:01:10 +0000},
	Date-Modified = {2017-04-06 18:57:36 +0000},
	Journal = {Plant, Cell and Environment},
	Pages = {93-104},
	Title = {Phenotypic plasticity of the phenology of seven European tree species in relation to climatic warming},
	Volume = {18},
	Year = {1995},
	Bdsk-File-1 = {YnBsaXN0MDDUAQIDBAUGJCVYJHZlcnNpb25YJG9iamVjdHNZJGFyY2hpdmVyVCR0b3ASAAGGoKgHCBMUFRYaIVUkbnVsbNMJCgsMDxJXTlMua2V5c1pOUy5vYmplY3RzViRjbGFzc6INDoACgAOiEBGABIAFgAdccmVsYXRpdmVQYXRoWWFsaWFzRGF0YV8QTy4uLy4uLy4uLy4uLy4uL0Rlc2t0b3AvMjc4L3BsYXN0aWNpdHkvS1JBTUVSLTE5OTUtUGxhbnQsX0NlbGxfJl9FbnZpcm9ubWVudC5wZGbSFwsYGVdOUy5kYXRhTxECFgAAAAACFgACAAAMTWFjaW50b3NoIEhEAAAAAAAAAAAAAAAAAAAAykCxrEgrAAADaI+HH0tSQU1FUi0xOTk1LVBsYW50LF8jMzY4OEZCMy5wZGYAAAAAAAAAAAAAAAAAAAAAAAAAAAAAAAAAAAAAAAAAAANoj7PU9xk4AAAAAAAAAAAABQAEAAAJIAAAAAAAAAAAAAAAAAAAAApwbGFzdGljaXR5ABAACAAAykDp7AAAABEACAAA1PdReAAAAAEAFANoj4cDakLCAAUC9QAFAlcAAL7sAAIAXk1hY2ludG9zaCBIRDpVc2VyczoAZGFuaWVsYnVvbmFpdXRvOgBEZXNrdG9wOgAyNzg6AHBsYXN0aWNpdHk6AEtSQU1FUi0xOTk1LVBsYW50LF8jMzY4OEZCMy5wZGYADgBUACkASwBSAEEATQBFAFIALQAxADkAOQA1AC0AUABsAGEAbgB0ACwAXwBDAGUAbABsAF8AJgBfAEUAbgB2AGkAcgBvAG4AbQBlAG4AdAAuAHAAZABmAA8AGgAMAE0AYQBjAGkAbgB0AG8AcwBoACAASABEABIAVlVzZXJzL2RhbmllbGJ1b25haXV0by9EZXNrdG9wLzI3OC9wbGFzdGljaXR5L0tSQU1FUi0xOTk1LVBsYW50LF9DZWxsXyZfRW52aXJvbm1lbnQucGRmABMAAS8AABUAAgAW//8AAIAG0hscHR5aJGNsYXNzbmFtZVgkY2xhc3Nlc11OU011dGFibGVEYXRhox0fIFZOU0RhdGFYTlNPYmplY3TSGxwiI1xOU0RpY3Rpb25hcnmiIiBfEA9OU0tleWVkQXJjaGl2ZXLRJidUcm9vdIABAAgAEQAaACMALQAyADcAQABGAE0AVQBgAGcAagBsAG4AcQBzAHUAdwCEAI4A4ADlAO0DBwMJAw4DGQMiAzADNAM7A0QDSQNWA1kDawNuA3MAAAAAAAACAQAAAAAAAAAoAAAAAAAAAAAAAAAAAAADdQ==}}

@article{OConnor2014,
	Author = {O'Connor, C. M., D. R. Norris, G. T. Crossin, and S. J. Cooke},
	Date-Added = {2017-04-04 19:59:46 +0000},
	Date-Modified = {2017-04-06 19:00:55 +0000},
	Journal = {Ecosphere},
	Number = {3},
	Pages = {1-11},
	Title = {Biological carryover effects: linking common concepts and mechanisms in ecology and evolution},
	Volume = {5},
	Year = {2014},
	Bdsk-File-1 = {YnBsaXN0MDDUAQIDBAUGJCVYJHZlcnNpb25YJG9iamVjdHNZJGFyY2hpdmVyVCR0b3ASAAGGoKgHCBMUFRYaIVUkbnVsbNMJCgsMDxJXTlMua2V5c1pOUy5vYmplY3RzViRjbGFzc6INDoACgAOiEBGABIAFgAdccmVsYXRpdmVQYXRoWWFsaWFzRGF0YV8QOi4uLy4uLy4uLy4uLy4uL0Rvd25sb2Fkcy9PJ0Nvbm5vcl9ldF9hbC0yMDE0LUVjb3NwaGVyZS5wZGbSFwsYGVdOUy5kYXRhTxEB3AAAAAAB3AACAAAMTWFjaW50b3NoIEhEAAAAAAAAAAAAAAAAAAAAykCxrEgrAAAABQKhH08nQ29ubm9yX2V0X2FsLTIwMTQjMzY5QTFFMy5wZGYAAAAAAAAAAAAAAAAAAAAAAAAAAAAAAAAAAAAAAAAAAANpoePVCEXUAAAAAAAAAAAABQACAAAJIAAAAAAAAAAAAAAAAAAAAAlEb3dubG9hZHMAABAACAAAykDp7AAAABEACAAA1Qh+FAAAAAEADAAFAqEABQJXAAC+7AACAE9NYWNpbnRvc2ggSEQ6VXNlcnM6AGRhbmllbGJ1b25haXV0bzoARG93bmxvYWRzOgBPJ0Nvbm5vcl9ldF9hbC0yMDE0IzM2OUExRTMucGRmAAAOAEQAIQBPACcAQwBvAG4AbgBvAHIAXwBlAHQAXwBhAGwALQAyADAAMQA0AC0ARQBjAG8AcwBwAGgAZQByAGUALgBwAGQAZgAPABoADABNAGEAYwBpAG4AdABvAHMAaAAgAEgARAASAEFVc2Vycy9kYW5pZWxidW9uYWl1dG8vRG93bmxvYWRzL08nQ29ubm9yX2V0X2FsLTIwMTQtRWNvc3BoZXJlLnBkZgAAEwABLwAAFQACABb//wAAgAbSGxwdHlokY2xhc3NuYW1lWCRjbGFzc2VzXU5TTXV0YWJsZURhdGGjHR8gVk5TRGF0YVhOU09iamVjdNIbHCIjXE5TRGljdGlvbmFyeaIiIF8QD05TS2V5ZWRBcmNoaXZlctEmJ1Ryb290gAEACAARABoAIwAtADIANwBAAEYATQBVAGAAZwBqAGwAbgBxAHMAdQB3AIQAjgDLANAA2AK4AroCvwLKAtMC4QLlAuwC9QL6AwcDCgMcAx8DJAAAAAAAAAIBAAAAAAAAACgAAAAAAAAAAAAAAAAAAAMm}}
