%% This BibTeX bibliography file was created using BibDesk.
%% http://bibdesk.sourceforge.net/

%% Created for Daniel Buonaiuto at 2017-05-02 15:37:51 -0400 


%% Saved with string encoding Unicode (UTF-8) 



@article{Anderson2012,
	Author = {Anderson, J. T. and Inouye, D. W. and McKinney, A. M. and Colautti, R. I. and Mitchell-Olds, T.},
	Date-Added = {2017-05-02 19:26:57 +0000},
	Date-Modified = {2017-05-02 19:26:57 +0000},
	Doi = {10.1098/rspb.2012.1051},
	Issn = {1471-2954},
	Journal = {Proceedings of the Royal Society B: Biological Sciences},
	Month = {Jul},
	Number = {1743},
	Pages = {3843--3852},
	Publisher = {The Royal Society},
	Title = {Phenotypic plasticity and adaptive evolution contribute to advancing flowering phenology in response to climate change},
	Url = {http://dx.doi.org/10.1098/rspb.2012.1051},
	Volume = {279},
	Year = {2012},
	Bdsk-File-1 = {YnBsaXN0MDDUAQIDBAUGJCVYJHZlcnNpb25YJG9iamVjdHNZJGFyY2hpdmVyVCR0b3ASAAGGoKgHCBMUFRYaIVUkbnVsbNMJCgsMDxJXTlMua2V5c1pOUy5vYmplY3RzViRjbGFzc6INDoACgAOiEBGABIAFgAdccmVsYXRpdmVQYXRoWWFsaWFzRGF0YV8QMy4uLy4uLy4uLy4uLy4uL0Rlc2t0b3AvMjc4L3BsYXN0aWNpdHkvMzg0My5mdWxsLnBkZtIXCxgZV05TLmRhdGFPEQGwAAAAAAGwAAIAAAxNYWNpbnRvc2ggSEQAAAAAAAAAAAAAAAAAAADKQLGsSCsAAANoj4cNMzg0My5mdWxsLnBkZgAAAAAAAAAAAAAAAAAAAAAAAAAAAAAAAAAAAAAAAAAAAAAAAAAAAAAAAAAAAAAAAAAAA2iPTNT3GIIAAAAAAAAAAAAFAAQAAAkgAAAAAAAAAAAAAAAAAAAACnBsYXN0aWNpdHkAEAAIAADKQOnsAAAAEQAIAADU91DCAAAAAQAUA2iPhwNqQsIABQL1AAUCVwAAvuwAAgBMTWFjaW50b3NoIEhEOlVzZXJzOgBkYW5pZWxidW9uYWl1dG86AERlc2t0b3A6ADI3ODoAcGxhc3RpY2l0eToAMzg0My5mdWxsLnBkZgAOABwADQAzADgANAAzAC4AZgB1AGwAbAAuAHAAZABmAA8AGgAMAE0AYQBjAGkAbgB0AG8AcwBoACAASABEABIAOlVzZXJzL2RhbmllbGJ1b25haXV0by9EZXNrdG9wLzI3OC9wbGFzdGljaXR5LzM4NDMuZnVsbC5wZGYAEwABLwAAFQACABb//wAAgAbSGxwdHlokY2xhc3NuYW1lWCRjbGFzc2VzXU5TTXV0YWJsZURhdGGjHR8gVk5TRGF0YVhOU09iamVjdNIbHCIjXE5TRGljdGlvbmFyeaIiIF8QD05TS2V5ZWRBcmNoaXZlctEmJ1Ryb290gAEACAARABoAIwAtADIANwBAAEYATQBVAGAAZwBqAGwAbgBxAHMAdQB3AIQAjgDEAMkA0QKFAocCjAKXAqACrgKyArkCwgLHAtQC1wLpAuwC8QAAAAAAAAIBAAAAAAAAACgAAAAAAAAAAAAAAAAAAALz}}

@article{Blackman2017,
	Author = {Blackman, Benjamin K.},
	Date-Added = {2017-05-01 22:02:10 +0000},
	Date-Modified = {2017-05-02 19:29:48 +0000},
	Doi = {10.1104/pp.16.01683},
	Issn = {1532-2548},
	Journal = {Plant Physiology},
	Month = {Nov},
	Number = {1},
	Pages = {16--26},
	Publisher = {American Society of Plant Biologists (ASPB)},
	Title = {Changing Responses to Changing Seasons: Natural Variation in the Plasticity of Flowering Time},
	Url = {http://dx.doi.org/10.1104/pp.16.01683},
	Volume = {173},
	Year = {2016},
	Bdsk-File-1 = {YnBsaXN0MDDUAQIDBAUGJCVYJHZlcnNpb25YJG9iamVjdHNZJGFyY2hpdmVyVCR0b3ASAAGGoKgHCBMUFRYaIVUkbnVsbNMJCgsMDxJXTlMua2V5c1pOUy5vYmplY3RzViRjbGFzc6INDoACgAOiEBGABIAFgAdccmVsYXRpdmVQYXRoWWFsaWFzRGF0YV8QPC4uLy4uLy4uLy4uLy4uLy5UcmFzaC9QbGFudCBQaHlzaW9sLi0yMDE3LUJsYWNrbWFuLTE2LTI2LnBkZtIXCxgZV05TLmRhdGFPEQHgAAAAAAHgAAIAAAxNYWNpbnRvc2ggSEQAAAAAAAAAAAAAAAAAAADKQLGsSCsAAALEXkYfUGxhbnQgUGh5c2lvbC4tMjAxNyMzNkM2QTI4LnBkZgAAAAAAAAAAAAAAAAAAAAAAAAAAAAAAAAAAAAAAAAAAA2xqKNUtKF8AAAAAAAAAAAAFAAIAAAkgAAAAAAAAAAAAAAAAAAAABi5UcmFzaAAQAAgAAMpA6ewAAAARAAgAANUtYJ8AAAABAAwCxF5GAAUCVwAAvuwAAgBMTWFjaW50b3NoIEhEOlVzZXJzOgBkYW5pZWxidW9uYWl1dG86AC5UcmFzaDoAUGxhbnQgUGh5c2lvbC4tMjAxNyMzNkM2QTI4LnBkZgAOAE4AJgBQAGwAYQBuAHQAIABQAGgAeQBzAGkAbwBsAC4ALQAyADAAMQA3AC0AQgBsAGEAYwBrAG0AYQBuAC0AMQA2AC0AMgA2AC4AcABkAGYADwAaAAwATQBhAGMAaQBuAHQAbwBzAGgAIABIAEQAEgBDVXNlcnMvZGFuaWVsYnVvbmFpdXRvLy5UcmFzaC9QbGFudCBQaHlzaW9sLi0yMDE3LUJsYWNrbWFuLTE2LTI2LnBkZgAAEwABLwAAFQACABb//wAAgAbSGxwdHlokY2xhc3NuYW1lWCRjbGFzc2VzXU5TTXV0YWJsZURhdGGjHR8gVk5TRGF0YVhOU09iamVjdNIbHCIjXE5TRGljdGlvbmFyeaIiIF8QD05TS2V5ZWRBcmNoaXZlctEmJ1Ryb290gAEACAARABoAIwAtADIANwBAAEYATQBVAGAAZwBqAGwAbgBxAHMAdQB3AIQAjgDNANIA2gK+AsACxQLQAtkC5wLrAvIC+wMAAw0DEAMiAyUDKgAAAAAAAAIBAAAAAAAAACgAAAAAAAAAAAAAAAAAAAMs}}

@article{Tauber1967,
	Author = {Tauber, H.},
	Date-Added = {2017-05-01 21:58:08 +0000},
	Date-Modified = {2017-05-02 19:29:29 +0000},
	Journal = {Review of Palaeobotany and Palynology},
	Number = {277-286},
	Title = {Investigations of the mode of pollen transfer in forested areas},
	Volume = {3},
	Year = {1967},
	Bdsk-File-1 = {YnBsaXN0MDDUAQIDBAUGJCVYJHZlcnNpb25YJG9iamVjdHNZJGFyY2hpdmVyVCR0b3ASAAGGoKgHCBMUFRYaIVUkbnVsbNMJCgsMDxJXTlMua2V5c1pOUy5vYmplY3RzViRjbGFzc6INDoACgAOiEBGABIAFgAdccmVsYXRpdmVQYXRoWWFsaWFzRGF0YV8QWS4uLy4uLy4uLy4uLy4uL0Rlc2t0b3AvSGFydmFyZC9Qcm9qZWN0cy9IeXN0ZXJhbnRob3VzL0ludmVuc3RpZ2F0aW9uIG9mIGZvcmVzdCBwb2xsZW4ucGRm0hcLGBlXTlMuZGF0YU8RAi4AAAAAAi4AAgAADE1hY2ludG9zaCBIRAAAAAAAAAAAAAAAAAAAAMpAsaxIKwAAAz5hkh9JbnZlbnN0aWdhdGlvbiBvZiBmIzM0OEUxRTkucGRmAAAAAAAAAAAAAAAAAAAAAAAAAAAAAAAAAAAAAAAAAAADSOHp1CJixgAAAAAAAAAAAAUABQAACSAAAAAAAAAAAAAAAAAAAAANSHlzdGVyYW50aG91cwAAEAAIAADKQOnsAAAAEQAIAADUIpsGAAAAAQAYAz5hkgM+YY4DPgkxAAUC9QAFAlcAAL7sAAIAb01hY2ludG9zaCBIRDpVc2VyczoAZGFuaWVsYnVvbmFpdXRvOgBEZXNrdG9wOgBIYXJ2YXJkOgBQcm9qZWN0czoASHlzdGVyYW50aG91czoASW52ZW5zdGlnYXRpb24gb2YgZiMzNDhFMUU5LnBkZgAADgBIACMASQBuAHYAZQBuAHMAdABpAGcAYQB0AGkAbwBuACAAbwBmACAAZgBvAHIAZQBzAHQAIABwAG8AbABsAGUAbgAuAHAAZABmAA8AGgAMAE0AYQBjAGkAbgB0AG8AcwBoACAASABEABIAYFVzZXJzL2RhbmllbGJ1b25haXV0by9EZXNrdG9wL0hhcnZhcmQvUHJvamVjdHMvSHlzdGVyYW50aG91cy9JbnZlbnN0aWdhdGlvbiBvZiBmb3Jlc3QgcG9sbGVuLnBkZgATAAEvAAAVAAIAFv//AACABtIbHB0eWiRjbGFzc25hbWVYJGNsYXNzZXNdTlNNdXRhYmxlRGF0YaMdHyBWTlNEYXRhWE5TT2JqZWN00hscIiNcTlNEaWN0aW9uYXJ5oiIgXxAPTlNLZXllZEFyY2hpdmVy0SYnVHJvb3SAAQAIABEAGgAjAC0AMgA3AEAARgBNAFUAYABnAGoAbABuAHEAcwB1AHcAhACOAOoA7wD3AykDKwMwAzsDRANSA1YDXQNmA2sDeAN7A40DkAOVAAAAAAAAAgEAAAAAAAAAKAAAAAAAAAAAAAAAAAAAA5c=}}

@article{Aschan2003,
	Author = {Aschan, G. & Pfanz, H.},
	Date-Added = {2017-05-01 21:55:59 +0000},
	Date-Modified = {2017-05-01 21:57:22 +0000},
	Journal = {Flora - Morphology, Distribution, Functional Ecology of Plants},
	Pages = {81-97},
	Title = {Non-foliar photosynthesis -- a strategy of additional carbon acquisition},
	Volume = {298},
	Year = {2003}}

@article{Rathcke1985,
	Author = {Bevery Rathcke and Emily Lacey},
	Date-Added = {2017-05-01 21:55:02 +0000},
	Date-Modified = {2017-05-02 19:37:27 +0000},
	Journal = {Annual Review of Ecology, Evolution and Systematics},
	Pages = {179-214},
	Title = {Phenological patterns of terrestrial plants},
	Volume = {16},
	Year = {1985},
	Bdsk-File-1 = {YnBsaXN0MDDUAQIDBAUGJCVYJHZlcnNpb25YJG9iamVjdHNZJGFyY2hpdmVyVCR0b3ASAAGGoKgHCBMUFRYaIVUkbnVsbNMJCgsMDxJXTlMua2V5c1pOUy5vYmplY3RzViRjbGFzc6INDoACgAOiEBGABIAFgAdccmVsYXRpdmVQYXRoWWFsaWFzRGF0YV8QIi4uLy4uLy4uLy4uLy4uL0Rlc2t0b3AvcmF0aGNrZS5wZGbSFwsYGVdOUy5kYXRhTxEBgAAAAAABgAACAAAMTWFjaW50b3NoIEhEAAAAAAAAAAAAAAAAAAAAykCxrEgrAAAABQL1C3JhdGhja2UucGRmAAAAAAAAAAAAAAAAAAAAAAAAAAAAAAAAAAAAAAAAAAAAAAAAAAAAAAAAAAAAAAAAAAAAAANsaZzVLSbnAAAAAAAAAAAABQACAAAJIAAAAAAAAAAAAAAAAAAAAAdEZXNrdG9wAAAQAAgAAMpA6ewAAAARAAgAANUtXycAAAABAAwABQL1AAUCVwAAvuwAAgA5TWFjaW50b3NoIEhEOlVzZXJzOgBkYW5pZWxidW9uYWl1dG86AERlc2t0b3A6AHJhdGhja2UucGRmAAAOABgACwByAGEAdABoAGMAawBlAC4AcABkAGYADwAaAAwATQBhAGMAaQBuAHQAbwBzAGgAIABIAEQAEgApVXNlcnMvZGFuaWVsYnVvbmFpdXRvL0Rlc2t0b3AvcmF0aGNrZS5wZGYAABMAAS8AABUAAgAW//8AAIAG0hscHR5aJGNsYXNzbmFtZVgkY2xhc3Nlc11OU011dGFibGVEYXRhox0fIFZOU0RhdGFYTlNPYmplY3TSGxwiI1xOU0RpY3Rpb25hcnmiIiBfEA9OU0tleWVkQXJjaGl2ZXLRJidUcm9vdIABAAgAEQAaACMALQAyADcAQABGAE0AVQBgAGcAagBsAG4AcQBzAHUAdwCEAI4AswC4AMACRAJGAksCVgJfAm0CcQJ4AoEChgKTApYCqAKrArAAAAAAAAACAQAAAAAAAAAoAAAAAAAAAAAAAAAAAAACsg==}}

@article{Austen2017,
	Author = {Emily Austen and Locke Rowe and John Stinchcombe and Jessica Forrest},
	Date-Added = {2017-05-01 21:51:35 +0000},
	Date-Modified = {2017-05-02 19:36:54 +0000},
	Journal = {New Phytologist},
	Number = {3},
	Title = {Explaining the apparent paradox of persistent selection for early flowering},
	Volume = {214},
	Year = {2017},
	Bdsk-File-1 = {YnBsaXN0MDDUAQIDBAUGJCVYJHZlcnNpb25YJG9iamVjdHNZJGFyY2hpdmVyVCR0b3ASAAGGoKgHCBMUFRYaIVUkbnVsbNMJCgsMDxJXTlMua2V5c1pOUy5vYmplY3RzViRjbGFzc6INDoACgAOiEBGABIAFgAdccmVsYXRpdmVQYXRoWWFsaWFzRGF0YV8QPi4uLy4uLy4uLy4uLy4uL0Rvd25sb2Fkcy9BdXN0ZW5fZXRfYWwtMjAxNy1OZXdfUGh5dG9sb2dpc3QucGRm0hcLGBlXTlMuZGF0YU8RAegAAAAAAegAAgAADE1hY2ludG9zaCBIRAAAAAAAAAAAAAAAAAAAAMpAsaxIKwAAAAUCoR9BdXN0ZW5fZXRfYWwtMjAxNy1OIzM2QzY4REMucGRmAAAAAAAAAAAAAAAAAAAAAAAAAAAAAAAAAAAAAAAAAAADbGjc1S0mIwAAAAAAAAAAAAUAAgAACSAAAAAAAAAAAAAAAAAAAAAJRG93bmxvYWRzAAAQAAgAAMpA6ewAAAARAAgAANUtXmMAAAABAAwABQKhAAUCVwAAvuwAAgBPTWFjaW50b3NoIEhEOlVzZXJzOgBkYW5pZWxidW9uYWl1dG86AERvd25sb2FkczoAQXVzdGVuX2V0X2FsLTIwMTctTiMzNkM2OERDLnBkZgAADgBMACUAQQB1AHMAdABlAG4AXwBlAHQAXwBhAGwALQAyADAAMQA3AC0ATgBlAHcAXwBQAGgAeQB0AG8AbABvAGcAaQBzAHQALgBwAGQAZgAPABoADABNAGEAYwBpAG4AdABvAHMAaAAgAEgARAASAEVVc2Vycy9kYW5pZWxidW9uYWl1dG8vRG93bmxvYWRzL0F1c3Rlbl9ldF9hbC0yMDE3LU5ld19QaHl0b2xvZ2lzdC5wZGYAABMAAS8AABUAAgAW//8AAIAG0hscHR5aJGNsYXNzbmFtZVgkY2xhc3Nlc11OU011dGFibGVEYXRhox0fIFZOU0RhdGFYTlNPYmplY3TSGxwiI1xOU0RpY3Rpb25hcnmiIiBfEA9OU0tleWVkQXJjaGl2ZXLRJidUcm9vdIABAAgAEQAaACMALQAyADcAQABGAE0AVQBgAGcAagBsAG4AcQBzAHUAdwCEAI4AzwDUANwCyALKAs8C2gLjAvEC9QL8AwUDCgMXAxoDLAMvAzQAAAAAAAACAQAAAAAAAAAoAAAAAAAAAAAAAAAAAAADNg==}}

@book{Glover2014,
	Author = {Beverly Glover},
	Date-Added = {2017-05-01 21:50:21 +0000},
	Date-Modified = {2017-05-02 19:20:06 +0000},
	Editor = {Second},
	Publisher = {Oxford University Press (OUP)},
	Title = {Understanding Flowers & Flowering},
	Year = {2014},
	Bdsk-File-1 = {YnBsaXN0MDDUAQIDBAUGJCVYJHZlcnNpb25YJG9iamVjdHNZJGFyY2hpdmVyVCR0b3ASAAGGoKgHCBMUFRYaIVUkbnVsbNMJCgsMDxJXTlMua2V5c1pOUy5vYmplY3RzViRjbGFzc6INDoACgAOiEBGABIAFgAdccmVsYXRpdmVQYXRoWWFsaWFzRGF0YV8QYC4uLy4uLy4uLy4uLy4uL0Rlc2t0b3AvSGlzdG9yaWNhbF9pbnRlcnByZXRhdGlvbnNfb2ZfZmxvd2VyX2luZHVjdGlvbl9hbmRfZmxvd2VyX2RldmVsb3BtZW50LnBkZtIXCxgZV05TLmRhdGFPEQJOAAAAAAJOAAIAAAxNYWNpbnRvc2ggSEQAAAAAAAAAAAAAAAAAAADKQLGsSCsAAAAFAvUfSGlzdG9yaWNhbF9pbnRlcnByZSMzNkM2OEFFLnBkZgAAAAAAAAAAAAAAAAAAAAAAAAAAAAAAAAAAAAAAAAAAA2xortUtJdEAAAAAAAAAAAAFAAIAAAkgAAAAAAAAAAAAAAAAAAAAB0Rlc2t0b3AAABAACAAAykDp7AAAABEACAAA1S1eEQAAAAEADAAFAvUABQJXAAC+7AACAE1NYWNpbnRvc2ggSEQ6VXNlcnM6AGRhbmllbGJ1b25haXV0bzoARGVza3RvcDoASGlzdG9yaWNhbF9pbnRlcnByZSMzNkM2OEFFLnBkZgAADgCUAEkASABpAHMAdABvAHIAaQBjAGEAbABfAGkAbgB0AGUAcgBwAHIAZQB0AGEAdABpAG8AbgBzAF8AbwBmAF8AZgBsAG8AdwBlAHIAXwBpAG4AZAB1AGMAdABpAG8AbgBfAGEAbgBkAF8AZgBsAG8AdwBlAHIAXwBkAGUAdgBlAGwAbwBwAG0AZQBuAHQALgBwAGQAZgAPABoADABNAGEAYwBpAG4AdABvAHMAaAAgAEgARAASAGdVc2Vycy9kYW5pZWxidW9uYWl1dG8vRGVza3RvcC9IaXN0b3JpY2FsX2ludGVycHJldGF0aW9uc19vZl9mbG93ZXJfaW5kdWN0aW9uX2FuZF9mbG93ZXJfZGV2ZWxvcG1lbnQucGRmAAATAAEvAAAVAAIAFv//AACABtIbHB0eWiRjbGFzc25hbWVYJGNsYXNzZXNdTlNNdXRhYmxlRGF0YaMdHyBWTlNEYXRhWE5TT2JqZWN00hscIiNcTlNEaWN0aW9uYXJ5oiIgXxAPTlNLZXllZEFyY2hpdmVy0SYnVHJvb3SAAQAIABEAGgAjAC0AMgA3AEAARgBNAFUAYABnAGoAbABuAHEAcwB1AHcAhACOAPEA9gD+A1ADUgNXA2IDawN5A30DhAONA5IDnwOiA7QDtwO8AAAAAAAAAgEAAAAAAAAAKAAAAAAAAAAAAAAAAAAAA74=}}

@article{Stearns2000,
	Author = {Stephen C. Stearns},
	Date-Added = {2017-05-01 21:49:46 +0000},
	Date-Modified = {2017-05-02 19:24:50 +0000},
	Journal = {Naturwissenschaften},
	Pages = {476-486},
	Title = {Life history evolution: successes, limitations, and prospects},
	Volume = {87},
	Year = {2000},
	Bdsk-File-1 = {YnBsaXN0MDDUAQIDBAUGJCVYJHZlcnNpb25YJG9iamVjdHNZJGFyY2hpdmVyVCR0b3ASAAGGoKgHCBMUFRYaIVUkbnVsbNMJCgsMDxJXTlMua2V5c1pOUy5vYmplY3RzViRjbGFzc6INDoACgAOiEBGABIAFgAdccmVsYXRpdmVQYXRoWWFsaWFzRGF0YV8QPC4uLy4uLy4uLy4uLy4uL0Rlc2t0b3AvMzYuc3RlYXJuczIwMDBuYXR1cndpc3NlbnNjaGFmdGVuLnBkZtIXCxgZV05TLmRhdGFPEQHiAAAAAAHiAAIAAAxNYWNpbnRvc2ggSEQAAAAAAAAAAAAAAAAAAADKQLGsSCsAAAAFAvUfMzYuc3RlYXJuczIwMDBuYXR1ciMzNkM2OEExLnBkZgAAAAAAAAAAAAAAAAAAAAAAAAAAAAAAAAAAAAAAAAAAA2xoodUtJbEAAAAAAAAAAAAFAAIAAAkgAAAAAAAAAAAAAAAAAAAAB0Rlc2t0b3AAABAACAAAykDp7AAAABEACAAA1S1d8QAAAAEADAAFAvUABQJXAAC+7AACAE1NYWNpbnRvc2ggSEQ6VXNlcnM6AGRhbmllbGJ1b25haXV0bzoARGVza3RvcDoAMzYuc3RlYXJuczIwMDBuYXR1ciMzNkM2OEExLnBkZgAADgBMACUAMwA2AC4AcwB0AGUAYQByAG4AcwAyADAAMAAwAG4AYQB0AHUAcgB3AGkAcwBzAGUAbgBzAGMAaABhAGYAdABlAG4ALgBwAGQAZgAPABoADABNAGEAYwBpAG4AdABvAHMAaAAgAEgARAASAENVc2Vycy9kYW5pZWxidW9uYWl1dG8vRGVza3RvcC8zNi5zdGVhcm5zMjAwMG5hdHVyd2lzc2Vuc2NoYWZ0ZW4ucGRmAAATAAEvAAAVAAIAFv//AACABtIbHB0eWiRjbGFzc25hbWVYJGNsYXNzZXNdTlNNdXRhYmxlRGF0YaMdHyBWTlNEYXRhWE5TT2JqZWN00hscIiNcTlNEaWN0aW9uYXJ5oiIgXxAPTlNLZXllZEFyY2hpdmVy0SYnVHJvb3SAAQAIABEAGgAjAC0AMgA3AEAARgBNAFUAYABnAGoAbABuAHEAcwB1AHcAhACOAM0A0gDaAsACwgLHAtIC2wLpAu0C9AL9AwIDDwMSAyQDJwMsAAAAAAAAAgEAAAAAAAAAKAAAAAAAAAAAAAAAAAAAAy4=}}

@article{Lamont2011,
	Author = {Lamont, Byron B. and Downes, Byron B.},
	Date-Added = {2017-05-01 21:46:05 +0000},
	Date-Modified = {2017-05-02 19:37:44 +0000},
	Journal = {Plant Ecology},
	Number = {12},
	Pages = {2111-2125},
	Title = {Fire-stimulated flowering among resprouters and geophytes in Australia and South Africa},
	Volume = {212},
	Year = {2011}}

@article{Robertson1885,
	Author = {Robertson, C},
	Date-Added = {2017-05-01 21:41:36 +0000},
	Date-Modified = {2017-05-02 19:30:10 +0000},
	Journal = {The American Naturalist},
	Pages = {97-117},
	Title = {THE PHILOSOPHY OF FLOWER SEASONS, AND THE PHAENOLOGICAL RELATIONS OF THE ENTOMOPHILOUS FLORA AND THE ANTHOPHILOUS INSECT FAUNA.},
	Volume = {29},
	Year = {1895},
	Bdsk-File-1 = {YnBsaXN0MDDUAQIDBAUGJCVYJHZlcnNpb25YJG9iamVjdHNZJGFyY2hpdmVyVCR0b3ASAAGGoKgHCBMUFRYaIVUkbnVsbNMJCgsMDxJXTlMua2V5c1pOUy5vYmplY3RzViRjbGFzc6INDoACgAOiEBGABIAFgAdccmVsYXRpdmVQYXRoWWFsaWFzRGF0YV8QKC4uLy4uLy4uLy4uLy4uL0Rlc2t0b3AvUm9iZXJ0c29uMTg4NS5wZGbSFwsYGVdOUy5kYXRhTxEBmAAAAAABmAACAAAMTWFjaW50b3NoIEhEAAAAAAAAAAAAAAAAAAAAykCxrEgrAAAABQL1EVJvYmVydHNvbjE4ODUucGRmAAAAAAAAAAAAAAAAAAAAAAAAAAAAAAAAAAAAAAAAAAAAAAAAAAAAAAAAAAAAAANsZ5LVLSO0AAAAAAAAAAAABQACAAAJIAAAAAAAAAAAAAAAAAAAAAdEZXNrdG9wAAAQAAgAAMpA6ewAAAARAAgAANUtW/QAAAABAAwABQL1AAUCVwAAvuwAAgA/TWFjaW50b3NoIEhEOlVzZXJzOgBkYW5pZWxidW9uYWl1dG86AERlc2t0b3A6AFJvYmVydHNvbjE4ODUucGRmAAAOACQAEQBSAG8AYgBlAHIAdABzAG8AbgAxADgAOAA1AC4AcABkAGYADwAaAAwATQBhAGMAaQBuAHQAbwBzAGgAIABIAEQAEgAvVXNlcnMvZGFuaWVsYnVvbmFpdXRvL0Rlc2t0b3AvUm9iZXJ0c29uMTg4NS5wZGYAABMAAS8AABUAAgAW//8AAIAG0hscHR5aJGNsYXNzbmFtZVgkY2xhc3Nlc11OU011dGFibGVEYXRhox0fIFZOU0RhdGFYTlNPYmplY3TSGxwiI1xOU0RpY3Rpb25hcnmiIiBfEA9OU0tleWVkQXJjaGl2ZXLRJidUcm9vdIABAAgAEQAaACMALQAyADcAQABGAE0AVQBgAGcAagBsAG4AcQBzAHUAdwCEAI4AuQC+AMYCYgJkAmkCdAJ9AosCjwKWAp8CpAKxArQCxgLJAs4AAAAAAAACAQAAAAAAAAAoAAAAAAAAAAAAAAAAAAAC0A==}}

@article{Wolkovich2012,
	Author = {Wolkovich, E. M. and Cook, B. I. and Allen, J. M. and Crimmins, T. M. and Betancourt, J. L. and Travers, S. E. and Pau, S. and Regetz, J. and Davies, T. J. and Kraft, N. J. B. and et al.},
	Date-Added = {2017-05-01 21:39:51 +0000},
	Date-Modified = {2017-05-01 21:39:51 +0000},
	Doi = {10.1038/nature11014},
	Issn = {1476-4687},
	Journal = {Nature},
	Month = {May},
	Publisher = {Springer Nature},
	Title = {Warming experiments underpredict plant phenological responses to climate change},
	Url = {http://dx.doi.org/10.1038/nature11014},
	Year = {2012},
	Bdsk-File-1 = {YnBsaXN0MDDUAQIDBAUGJCVYJHZlcnNpb25YJG9iamVjdHNZJGFyY2hpdmVyVCR0b3ASAAGGoKgHCBMUFRYaIVUkbnVsbNMJCgsMDxJXTlMua2V5c1pOUy5vYmplY3RzViRjbGFzc6INDoACgAOiEBGABIAFgAdccmVsYXRpdmVQYXRoWWFsaWFzRGF0YV8QOi4uLy4uLy4uLy4uLy4uL0Rlc2t0b3AvMjc4L1dvbGtvdmljaCBldCBhbCAyMDEyIE5hdHVyZS5wZGbSFwsYGVdOUy5kYXRhTxEB2AAAAAAB2AACAAAMTWFjaW50b3NoIEhEAAAAAAAAAAAAAAAAAAAAykCxrEgrAAADakLCH1dvbGtvdmljaCBldCBhbCAyMDEyIE5hdHVyZS5wZGYAAAAAAAAAAAAAAAAAAAAAAAAAAAAAAAAAAAAAAAAAAANpx1TUt7yoAAAAAAAAAAAABQADAAAJIAAAAAAAAAAAAAAAAAAAAAMyNzgAABAACAAAykDp7AAAABEACAAA1LgC+AAAAAEAEANqQsIABQL1AAUCVwAAvuwAAgBSTWFjaW50b3NoIEhEOlVzZXJzOgBkYW5pZWxidW9uYWl1dG86AERlc2t0b3A6ADI3ODoAV29sa292aWNoIGV0IGFsIDIwMTIgTmF0dXJlLnBkZgAOAEAAHwBXAG8AbABrAG8AdgBpAGMAaAAgAGUAdAAgAGEAbAAgADIAMAAxADIAIABOAGEAdAB1AHIAZQAuAHAAZABmAA8AGgAMAE0AYQBjAGkAbgB0AG8AcwBoACAASABEABIAQVVzZXJzL2RhbmllbGJ1b25haXV0by9EZXNrdG9wLzI3OC9Xb2xrb3ZpY2ggZXQgYWwgMjAxMiBOYXR1cmUucGRmAAATAAEvAAAVAAIAFv//AACABtIbHB0eWiRjbGFzc25hbWVYJGNsYXNzZXNdTlNNdXRhYmxlRGF0YaMdHyBWTlNEYXRhWE5TT2JqZWN00hscIiNcTlNEaWN0aW9uYXJ5oiIgXxAPTlNLZXllZEFyY2hpdmVy0SYnVHJvb3SAAQAIABEAGgAjAC0AMgA3AEAARgBNAFUAYABnAGoAbABuAHEAcwB1AHcAhACOAMsA0ADYArQCtgK7AsYCzwLdAuEC6ALxAvYDAwMGAxgDGwMgAAAAAAAAAgEAAAAAAAAAKAAAAAAAAAAAAAAAAAAAAyI=},
	Bdsk-File-2 = {YnBsaXN0MDDUAQIDBAUGJCVYJHZlcnNpb25YJG9iamVjdHNZJGFyY2hpdmVyVCR0b3ASAAGGoKgHCBMUFRYaIVUkbnVsbNMJCgsMDxJXTlMua2V5c1pOUy5vYmplY3RzViRjbGFzc6INDoACgAOiEBGABIAFgAdccmVsYXRpdmVQYXRoWWFsaWFzRGF0YV8QQS4uLy4uLy4uLy4uLy4uL0Rvd25sb2Fkcy9Xb2xrb3ZpY2hfZXRfYWwtMjAxNC1OZXdfUGh5dG9sb2dpc3QucGRm0hcLGBlXTlMuZGF0YU8RAfAAAAAAAfAAAgAADE1hY2ludG9zaCBIRAAAAAAAAAAAAAAAAAAAAMpAsaxIKwAAAAUCoR9Xb2xrb3ZpY2hfZXRfYWwtMjAxIzM2QTY1RjYucGRmAAAAAAAAAAAAAAAAAAAAAAAAAAAAAAAAAAAAAAAAAAADamX21Q/vGAAAAAAAAAAAAAUAAgAACSAAAAAAAAAAAAAAAAAAAAAJRG93bmxvYWRzAAAQAAgAAMpA6ewAAAARAAgAANUQJ1gAAAABAAwABQKhAAUCVwAAvuwAAgBPTWFjaW50b3NoIEhEOlVzZXJzOgBkYW5pZWxidW9uYWl1dG86AERvd25sb2FkczoAV29sa292aWNoX2V0X2FsLTIwMSMzNkE2NUY2LnBkZgAADgBSACgAVwBvAGwAawBvAHYAaQBjAGgAXwBlAHQAXwBhAGwALQAyADAAMQA0AC0ATgBlAHcAXwBQAGgAeQB0AG8AbABvAGcAaQBzAHQALgBwAGQAZgAPABoADABNAGEAYwBpAG4AdABvAHMAaAAgAEgARAASAEhVc2Vycy9kYW5pZWxidW9uYWl1dG8vRG93bmxvYWRzL1dvbGtvdmljaF9ldF9hbC0yMDE0LU5ld19QaHl0b2xvZ2lzdC5wZGYAEwABLwAAFQACABb//wAAgAbSGxwdHlokY2xhc3NuYW1lWCRjbGFzc2VzXU5TTXV0YWJsZURhdGGjHR8gVk5TRGF0YVhOU09iamVjdNIbHCIjXE5TRGljdGlvbmFyeaIiIF8QD05TS2V5ZWRBcmNoaXZlctEmJ1Ryb290gAEACAARABoAIwAtADIANwBAAEYATQBVAGAAZwBqAGwAbgBxAHMAdQB3AIQAjgDSANcA3wLTAtUC2gLlAu4C/AMAAwcDEAMVAyIDJQM3AzoDPwAAAAAAAAIBAAAAAAAAACgAAAAAAAAAAAAAAAAAAANB}}

@article{Wolkovich2014,
	Author = {E. Wolkovich and A. Ettinger},
	Date-Added = {2017-05-01 21:39:34 +0000},
	Date-Modified = {2017-05-01 21:39:34 +0000},
	Journal = {New Phytologist},
	Pages = {1021--1023},
	Title = {Back to the future for plant phenology research},
	Volume = {203},
	Year = {2014},
	Bdsk-File-1 = {YnBsaXN0MDDUAQIDBAUGJCVYJHZlcnNpb25YJG9iamVjdHNZJGFyY2hpdmVyVCR0b3ASAAGGoKgHCBMUFRYaIVUkbnVsbNMJCgsMDxJXTlMua2V5c1pOUy5vYmplY3RzViRjbGFzc6INDoACgAOiEBGABIAFgAdccmVsYXRpdmVQYXRoWWFsaWFzRGF0YV8QQS4uLy4uLy4uLy4uLy4uL0Rvd25sb2Fkcy9Xb2xrb3ZpY2hfZXRfYWwtMjAxNC1OZXdfUGh5dG9sb2dpc3QucGRm0hcLGBlXTlMuZGF0YU8RAfAAAAAAAfAAAgAADE1hY2ludG9zaCBIRAAAAAAAAAAAAAAAAAAAAMpAsaxIKwAAAAUCoR9Xb2xrb3ZpY2hfZXRfYWwtMjAxIzM2QTY1RjYucGRmAAAAAAAAAAAAAAAAAAAAAAAAAAAAAAAAAAAAAAAAAAADamX21Q/vGAAAAAAAAAAAAAUAAgAACSAAAAAAAAAAAAAAAAAAAAAJRG93bmxvYWRzAAAQAAgAAMpA6ewAAAARAAgAANUQJ1gAAAABAAwABQKhAAUCVwAAvuwAAgBPTWFjaW50b3NoIEhEOlVzZXJzOgBkYW5pZWxidW9uYWl1dG86AERvd25sb2FkczoAV29sa292aWNoX2V0X2FsLTIwMSMzNkE2NUY2LnBkZgAADgBSACgAVwBvAGwAawBvAHYAaQBjAGgAXwBlAHQAXwBhAGwALQAyADAAMQA0AC0ATgBlAHcAXwBQAGgAeQB0AG8AbABvAGcAaQBzAHQALgBwAGQAZgAPABoADABNAGEAYwBpAG4AdABvAHMAaAAgAEgARAASAEhVc2Vycy9kYW5pZWxidW9uYWl1dG8vRG93bmxvYWRzL1dvbGtvdmljaF9ldF9hbC0yMDE0LU5ld19QaHl0b2xvZ2lzdC5wZGYAEwABLwAAFQACABb//wAAgAbSGxwdHlokY2xhc3NuYW1lWCRjbGFzc2VzXU5TTXV0YWJsZURhdGGjHR8gVk5TRGF0YVhOU09iamVjdNIbHCIjXE5TRGljdGlvbmFyeaIiIF8QD05TS2V5ZWRBcmNoaXZlctEmJ1Ryb290gAEACAARABoAIwAtADIANwBAAEYATQBVAGAAZwBqAGwAbgBxAHMAdQB3AIQAjgDSANcA3wLTAtUC2gLlAu4C/AMAAwcDEAMVAyIDJQM3AzoDPwAAAAAAAAIBAAAAAAAAACgAAAAAAAAAAAAAAAAAAANB}}

@article{Whitehead1969,
	Author = {Donald R. Whitehead},
	Date-Added = {2017-05-01 21:39:28 +0000},
	Date-Modified = {2017-05-01 21:39:28 +0000},
	Journal = {Evolution},
	Number = {1},
	Pages = {28-35},
	Title = {Wind Pollination in the Angiosperms: Evolutionary and Environmental Considerations},
	Volume = {23},
	Year = {1969},
	Bdsk-File-1 = {YnBsaXN0MDDUAQIDBAUGJCVYJHZlcnNpb25YJG9iamVjdHNZJGFyY2hpdmVyVCR0b3ASAAGGoKgHCBMUFRYaIVUkbnVsbNMJCgsMDxJXTlMua2V5c1pOUy5vYmplY3RzViRjbGFzc6INDoACgAOiEBGABIAFgAdccmVsYXRpdmVQYXRoWWFsaWFzRGF0YV8QXS4uLy4uLy4uLy4uLy4uL0Rlc2t0b3AvSGFydmFyZC9Qcm9qZWN0cy9IeXN0ZXJhbnRob3VzL1dpbmQgcG9sbGluYXRpb24gaW4gdGhlIGFuZ2lvc3Blcm1zLnBkZtIXCxgZV05TLmRhdGFPEQI6AAAAAAI6AAIAAAxNYWNpbnRvc2ggSEQAAAAAAAAAAAAAAAAAAADKQLGsSCsAAAM+YZIfV2luZCBwb2xsaW5hdGlvbiBpbiMzNDhFMkVELnBkZgAAAAAAAAAAAAAAAAAAAAAAAAAAAAAAAAAAAAAAAAAAA0ji7dQiZaIAAAAAAAAAAAAFAAUAAAkgAAAAAAAAAAAAAAAAAAAADUh5c3RlcmFudGhvdXMAABAACAAAykDp7AAAABEACAAA1CKd4gAAAAEAGAM+YZIDPmGOAz4JMQAFAvUABQJXAAC+7AACAG9NYWNpbnRvc2ggSEQ6VXNlcnM6AGRhbmllbGJ1b25haXV0bzoARGVza3RvcDoASGFydmFyZDoAUHJvamVjdHM6AEh5c3RlcmFudGhvdXM6AFdpbmQgcG9sbGluYXRpb24gaW4jMzQ4RTJFRC5wZGYAAA4AUAAnAFcAaQBuAGQAIABwAG8AbABsAGkAbgBhAHQAaQBvAG4AIABpAG4AIAB0AGgAZQAgAGEAbgBnAGkAbwBzAHAAZQByAG0AcwAuAHAAZABmAA8AGgAMAE0AYQBjAGkAbgB0AG8AcwBoACAASABEABIAZFVzZXJzL2RhbmllbGJ1b25haXV0by9EZXNrdG9wL0hhcnZhcmQvUHJvamVjdHMvSHlzdGVyYW50aG91cy9XaW5kIHBvbGxpbmF0aW9uIGluIHRoZSBhbmdpb3NwZXJtcy5wZGYAEwABLwAAFQACABb//wAAgAbSGxwdHlokY2xhc3NuYW1lWCRjbGFzc2VzXU5TTXV0YWJsZURhdGGjHR8gVk5TRGF0YVhOU09iamVjdNIbHCIjXE5TRGljdGlvbmFyeaIiIF8QD05TS2V5ZWRBcmNoaXZlctEmJ1Ryb290gAEACAARABoAIwAtADIANwBAAEYATQBVAGAAZwBqAGwAbgBxAHMAdQB3AIQAjgDuAPMA+wM5AzsDQANLA1QDYgNmA20DdgN7A4gDiwOdA6ADpQAAAAAAAAIBAAAAAAAAACgAAAAAAAAAAAAAAAAAAAOn}}

@article{Menzel2006,
	Author = {Menzel, Annette and Sparks, Tim H. and Estrella, Nicole and Koch, Elisabeth and AASA, ANTO and AHAS, REIN and ALM-K{\"U}BLER, KERSTIN and BISSOLLI, PETER and BRASLAVSK{\'A}, OL'GA and BRIEDE, AGRITA and et al.},
	Date-Added = {2017-05-01 21:39:24 +0000},
	Date-Modified = {2017-05-01 21:39:24 +0000},
	Doi = {10.1111/j.1365-2486.2006.01193.x},
	Issn = {1365-2486},
	Journal = {Global Change Biology},
	Month = {Oct},
	Number = {10},
	Pages = {1969--1976},
	Publisher = {Wiley-Blackwell},
	Title = {European phenological response to climate change matches the warming pattern},
	Url = {http://dx.doi.org/10.1111/j.1365-2486.2006.01193.x},
	Volume = {12},
	Year = {2006},
	Bdsk-File-1 = {YnBsaXN0MDDUAQIDBAUGJCVYJHZlcnNpb25YJG9iamVjdHNZJGFyY2hpdmVyVCR0b3ASAAGGoKgHCBMUFRYaIVUkbnVsbNMJCgsMDxJXTlMua2V5c1pOUy5vYmplY3RzViRjbGFzc6INDoACgAOiEBGABIAFgAdccmVsYXRpdmVQYXRoWWFsaWFzRGF0YV8QRC4uLy4uLy4uLy4uLy4uL0Rvd25sb2Fkcy9NRU5aRUxfZXRfYWwtMjAwNi1HbG9iYWxfQ2hhbmdlX0Jpb2xvZ3kucGRm0hcLGBlXTlMuZGF0YU8RAfoAAAAAAfoAAgAADE1hY2ludG9zaCBIRAAAAAAAAAAAAAAAAAAAAMpAsaxIKwAAAAUCoR9NRU5aRUxfZXRfYWwtMjAwNi1HIzM2QTY0NUUucGRmAAAAAAAAAAAAAAAAAAAAAAAAAAAAAAAAAAAAAAAAAAADamRe1Q/ouwAAAAAAAAAAAAUAAgAACSAAAAAAAAAAAAAAAAAAAAAJRG93bmxvYWRzAAAQAAgAAMpA6ewAAAARAAgAANUQIPsAAAABAAwABQKhAAUCVwAAvuwAAgBPTWFjaW50b3NoIEhEOlVzZXJzOgBkYW5pZWxidW9uYWl1dG86AERvd25sb2FkczoATUVOWkVMX2V0X2FsLTIwMDYtRyMzNkE2NDVFLnBkZgAADgBYACsATQBFAE4AWgBFAEwAXwBlAHQAXwBhAGwALQAyADAAMAA2AC0ARwBsAG8AYgBhAGwAXwBDAGgAYQBuAGcAZQBfAEIAaQBvAGwAbwBnAHkALgBwAGQAZgAPABoADABNAGEAYwBpAG4AdABvAHMAaAAgAEgARAASAEtVc2Vycy9kYW5pZWxidW9uYWl1dG8vRG93bmxvYWRzL01FTlpFTF9ldF9hbC0yMDA2LUdsb2JhbF9DaGFuZ2VfQmlvbG9neS5wZGYAABMAAS8AABUAAgAW//8AAIAG0hscHR5aJGNsYXNzbmFtZVgkY2xhc3Nlc11OU011dGFibGVEYXRhox0fIFZOU0RhdGFYTlNPYmplY3TSGxwiI1xOU0RpY3Rpb25hcnmiIiBfEA9OU0tleWVkQXJjaGl2ZXLRJidUcm9vdIABAAgAEQAaACMALQAyADcAQABGAE0AVQBgAGcAagBsAG4AcQBzAHUAdwCEAI4A1QDaAOIC4ALiAucC8gL7AwkDDQMUAx0DIgMvAzIDRANHA0wAAAAAAAACAQAAAAAAAAAoAAAAAAAAAAAAAAAAAAADTg==}}

@article{Kramer1995,
	Author = {Kramer, K},
	Date-Added = {2017-05-01 21:39:22 +0000},
	Date-Modified = {2017-05-01 21:39:22 +0000},
	Journal = {Plant, Cell and Environment},
	Pages = {93-104},
	Title = {Phenotypic plasticity of the phenology of seven European tree species in relation to climatic warming},
	Volume = {18},
	Year = {1995},
	Bdsk-File-1 = {YnBsaXN0MDDUAQIDBAUGJCVYJHZlcnNpb25YJG9iamVjdHNZJGFyY2hpdmVyVCR0b3ASAAGGoKgHCBMUFRYaIVUkbnVsbNMJCgsMDxJXTlMua2V5c1pOUy5vYmplY3RzViRjbGFzc6INDoACgAOiEBGABIAFgAdccmVsYXRpdmVQYXRoWWFsaWFzRGF0YV8QTy4uLy4uLy4uLy4uLy4uL0Rlc2t0b3AvMjc4L3BsYXN0aWNpdHkvS1JBTUVSLTE5OTUtUGxhbnQsX0NlbGxfJl9FbnZpcm9ubWVudC5wZGbSFwsYGVdOUy5kYXRhTxECFgAAAAACFgACAAAMTWFjaW50b3NoIEhEAAAAAAAAAAAAAAAAAAAAykCxrEgrAAADaI+HH0tSQU1FUi0xOTk1LVBsYW50LF8jMzY4OEZCMy5wZGYAAAAAAAAAAAAAAAAAAAAAAAAAAAAAAAAAAAAAAAAAAANoj7PU9xk4AAAAAAAAAAAABQAEAAAJIAAAAAAAAAAAAAAAAAAAAApwbGFzdGljaXR5ABAACAAAykDp7AAAABEACAAA1PdReAAAAAEAFANoj4cDakLCAAUC9QAFAlcAAL7sAAIAXk1hY2ludG9zaCBIRDpVc2VyczoAZGFuaWVsYnVvbmFpdXRvOgBEZXNrdG9wOgAyNzg6AHBsYXN0aWNpdHk6AEtSQU1FUi0xOTk1LVBsYW50LF8jMzY4OEZCMy5wZGYADgBUACkASwBSAEEATQBFAFIALQAxADkAOQA1AC0AUABsAGEAbgB0ACwAXwBDAGUAbABsAF8AJgBfAEUAbgB2AGkAcgBvAG4AbQBlAG4AdAAuAHAAZABmAA8AGgAMAE0AYQBjAGkAbgB0AG8AcwBoACAASABEABIAVlVzZXJzL2RhbmllbGJ1b25haXV0by9EZXNrdG9wLzI3OC9wbGFzdGljaXR5L0tSQU1FUi0xOTk1LVBsYW50LF9DZWxsXyZfRW52aXJvbm1lbnQucGRmABMAAS8AABUAAgAW//8AAIAG0hscHR5aJGNsYXNzbmFtZVgkY2xhc3Nlc11OU011dGFibGVEYXRhox0fIFZOU0RhdGFYTlNPYmplY3TSGxwiI1xOU0RpY3Rpb25hcnmiIiBfEA9OU0tleWVkQXJjaGl2ZXLRJidUcm9vdIABAAgAEQAaACMALQAyADcAQABGAE0AVQBgAGcAagBsAG4AcQBzAHUAdwCEAI4A4ADlAO0DBwMJAw4DGQMiAzADNAM7A0QDSQNWA1kDawNuA3MAAAAAAAACAQAAAAAAAAAoAAAAAAAAAAAAAAAAAAADdQ==}}

@article{Forrest2010,
	Author = {Forrest, J. and Miller-Rushing, A. J.},
	Date-Added = {2017-05-01 21:39:17 +0000},
	Date-Modified = {2017-05-01 21:39:17 +0000},
	Doi = {10.1098/rstb.2010.0145},
	Issn = {1471-2970},
	Journal = {Philosophical Transactions of the Royal Society B: Biological Sciences},
	Month = {Sep},
	Number = {1555},
	Pages = {3101--3112},
	Publisher = {The Royal Society},
	Title = {Toward a synthetic understanding of the role of phenology in ecology and evolution},
	Url = {http://dx.doi.org/10.1098/rstb.2010.0145},
	Volume = {365},
	Year = {2010},
	Bdsk-File-1 = {YnBsaXN0MDDUAQIDBAUGJCVYJHZlcnNpb25YJG9iamVjdHNZJGFyY2hpdmVyVCR0b3ASAAGGoKgHCBMUFRYaIVUkbnVsbNMJCgsMDxJXTlMua2V5c1pOUy5vYmplY3RzViRjbGFzc6INDoACgAOiEBGABIAFgAdccmVsYXRpdmVQYXRoWWFsaWFzRGF0YV8QJi4uLy4uLy4uLy4uLy4uL0Rlc2t0b3AvMjc4L0ZvcnJlc3QucGRm0hcLGBlXTlMuZGF0YU8RAYgAAAAAAYgAAgAADE1hY2ludG9zaCBIRAAAAAAAAAAAAAAAAAAAAMpAsaxIKwAAA2pCwgtGb3JyZXN0LnBkZgAAAAAAAAAAAAAAAAAAAAAAAAAAAAAAAAAAAAAAAAAAAAAAAAAAAAAAAAAAAAAAAAAAAAADamSk1Q/piAAAAAAAAAAAAAUAAwAACSAAAAAAAAAAAAAAAAAAAAADMjc4AAAQAAgAAMpA6ewAAAARAAgAANUQIcgAAAABABADakLCAAUC9QAFAlcAAL7sAAIAPk1hY2ludG9zaCBIRDpVc2VyczoAZGFuaWVsYnVvbmFpdXRvOgBEZXNrdG9wOgAyNzg6AEZvcnJlc3QucGRmAA4AGAALAEYAbwByAHIAZQBzAHQALgBwAGQAZgAPABoADABNAGEAYwBpAG4AdABvAHMAaAAgAEgARAASAC1Vc2Vycy9kYW5pZWxidW9uYWl1dG8vRGVza3RvcC8yNzgvRm9ycmVzdC5wZGYAABMAAS8AABUAAgAW//8AAIAG0hscHR5aJGNsYXNzbmFtZVgkY2xhc3Nlc11OU011dGFibGVEYXRhox0fIFZOU0RhdGFYTlNPYmplY3TSGxwiI1xOU0RpY3Rpb25hcnmiIiBfEA9OU0tleWVkQXJjaGl2ZXLRJidUcm9vdIABAAgAEQAaACMALQAyADcAQABGAE0AVQBgAGcAagBsAG4AcQBzAHUAdwCEAI4AtwC8AMQCUAJSAlcCYgJrAnkCfQKEAo0CkgKfAqICtAK3ArwAAAAAAAACAQAAAAAAAAAoAAAAAAAAAAAAAAAAAAACvg==}}

@article{Auge2017,
	Author = {Auge, Gabriela A. and Blair, Logan K. and Neville, Hannah and Donohue, Kathleen},
	Date-Added = {2017-05-01 21:39:13 +0000},
	Date-Modified = {2017-05-01 21:39:13 +0000},
	Doi = {10.1111/nph.14520},
	Issn = {0028-646X},
	Journal = {New Phytologist},
	Month = {Mar},
	Publisher = {Wiley-Blackwell},
	Title = {Maternal vernalization and vernalization-pathway genes influence progeny seed germination},
	Url = {http://dx.doi.org/10.1111/nph.14520},
	Year = {2017},
	Bdsk-File-1 = {YnBsaXN0MDDUAQIDBAUGJCVYJHZlcnNpb25YJG9iamVjdHNZJGFyY2hpdmVyVCR0b3ASAAGGoKgHCBMUFRYaIVUkbnVsbNMJCgsMDxJXTlMua2V5c1pOUy5vYmplY3RzViRjbGFzc6INDoACgAOiEBGABIAFgAdccmVsYXRpdmVQYXRoWWFsaWFzRGF0YV8QPC4uLy4uLy4uLy4uLy4uL0Rvd25sb2Fkcy9BdWdlX2V0X2FsLTIwMTctTmV3X1BoeXRvbG9naXN0LnBkZtIXCxgZV05TLmRhdGFPEQHiAAAAAAHiAAIAAAxNYWNpbnRvc2ggSEQAAAAAAAAAAAAAAAAAAADKQLGsSCsAAAAFAqEfQXVnZV9ldF9hbC0yMDE3LU5ldyMzNkE2N0FBLnBkZgAAAAAAAAAAAAAAAAAAAAAAAAAAAAAAAAAAAAAAAAAAA2pnqtUP814AAAAAAAAAAAAFAAIAAAkgAAAAAAAAAAAAAAAAAAAACURvd25sb2FkcwAAEAAIAADKQOnsAAAAEQAIAADVECueAAAAAQAMAAUCoQAFAlcAAL7sAAIAT01hY2ludG9zaCBIRDpVc2VyczoAZGFuaWVsYnVvbmFpdXRvOgBEb3dubG9hZHM6AEF1Z2VfZXRfYWwtMjAxNy1OZXcjMzZBNjdBQS5wZGYAAA4ASAAjAEEAdQBnAGUAXwBlAHQAXwBhAGwALQAyADAAMQA3AC0ATgBlAHcAXwBQAGgAeQB0AG8AbABvAGcAaQBzAHQALgBwAGQAZgAPABoADABNAGEAYwBpAG4AdABvAHMAaAAgAEgARAASAENVc2Vycy9kYW5pZWxidW9uYWl1dG8vRG93bmxvYWRzL0F1Z2VfZXRfYWwtMjAxNy1OZXdfUGh5dG9sb2dpc3QucGRmAAATAAEvAAAVAAIAFv//AACABtIbHB0eWiRjbGFzc25hbWVYJGNsYXNzZXNdTlNNdXRhYmxlRGF0YaMdHyBWTlNEYXRhWE5TT2JqZWN00hscIiNcTlNEaWN0aW9uYXJ5oiIgXxAPTlNLZXllZEFyY2hpdmVy0SYnVHJvb3SAAQAIABEAGgAjAC0AMgA3AEAARgBNAFUAYABnAGoAbABuAHEAcwB1AHcAhACOAM0A0gDaAsACwgLHAtIC2wLpAu0C9AL9AwIDDwMSAyQDJwMsAAAAAAAAAgEAAAAAAAAAKAAAAAAAAAAAAAAAAAAAAy4=}}

@article{Guo2014,
	Author = {Liang Guo and Eike Luedeling and Junhu Dai and Jianchu Xu},
	Date-Added = {2017-05-01 21:38:17 +0000},
	Date-Modified = {2017-05-02 19:37:18 +0000},
	Journal = {Plant Diversity and Resources},
	Number = {2},
	Pages = {245-253},
	Title = {Differences in heat requirements of flower and leaf buds make hysteranthous trees bloom before leaf unfolding},
	Volume = {36},
	Year = {2014},
	Bdsk-File-1 = {YnBsaXN0MDDUAQIDBAUGJCVYJHZlcnNpb25YJG9iamVjdHNZJGFyY2hpdmVyVCR0b3ASAAGGoKgHCBMUFRYaIVUkbnVsbNMJCgsMDxJXTlMua2V5c1pOUy5vYmplY3RzViRjbGFzc6INDoACgAOiEBGABIAFgAdccmVsYXRpdmVQYXRoWWFsaWFzRGF0YV8Qpy4uLy4uLy4uLy4uLy4uL0Rlc2t0b3AvSGFydmFyZC9Qcm9qZWN0cy9IeXN0ZXJhbnRob3VzL0RpZmZlcmVuY2VzIGluIEhlYXQgUmVxdWlyZW1lbnRzIG9mIEZsb3dlciBhbmQgTGVhZiBCdWRzIE1ha2UgSHlzdGVyYW50aG91cyBUcmVlcyBCbG9vbSBiZWZvcmUgTGVhZiBVbmZvbGRpbmcucGRm0hcLGBlXTlMuZGF0YU8RAxgAAAAAAxgAAgAADE1hY2ludG9zaCBIRAAAAAAAAAAAAAAAAAAAAMpAsaxIKwAAAz5hkh9EaWZmZXJlbmNlcyBpbiBIZWF0IzM0NkZBNjgucGRmAAAAAAAAAAAAAAAAAAAAAAAAAAAAAAAAAAAAAAAAAAADRvpo0/Y/DwAAAAAAAAAAAAUABQAACSAAAAAAAAAAAAAAAAAAAAANSHlzdGVyYW50aG91cwAAEAAIAADKQOnsAAAAEQAIAADT9ndPAAAAAQAYAz5hkgM+YY4DPgkxAAUC9QAFAlcAAL7sAAIAb01hY2ludG9zaCBIRDpVc2VyczoAZGFuaWVsYnVvbmFpdXRvOgBEZXNrdG9wOgBIYXJ2YXJkOgBQcm9qZWN0czoASHlzdGVyYW50aG91czoARGlmZmVyZW5jZXMgaW4gSGVhdCMzNDZGQTY4LnBkZgAADgDkAHEARABpAGYAZgBlAHIAZQBuAGMAZQBzACAAaQBuACAASABlAGEAdAAgAFIAZQBxAHUAaQByAGUAbQBlAG4AdABzACAAbwBmACAARgBsAG8AdwBlAHIAIABhAG4AZAAgAEwAZQBhAGYAIABCAHUAZABzACAATQBhAGsAZQAgAEgAeQBzAHQAZQByAGEAbgB0AGgAbwB1AHMAIABUAHIAZQBlAHMAIABCAGwAbwBvAG0AIABiAGUAZgBvAHIAZQAgAEwAZQBhAGYAIABVAG4AZgBvAGwAZABpAG4AZwAuAHAAZABmAA8AGgAMAE0AYQBjAGkAbgB0AG8AcwBoACAASABEABIArlVzZXJzL2RhbmllbGJ1b25haXV0by9EZXNrdG9wL0hhcnZhcmQvUHJvamVjdHMvSHlzdGVyYW50aG91cy9EaWZmZXJlbmNlcyBpbiBIZWF0IFJlcXVpcmVtZW50cyBvZiBGbG93ZXIgYW5kIExlYWYgQnVkcyBNYWtlIEh5c3RlcmFudGhvdXMgVHJlZXMgQmxvb20gYmVmb3JlIExlYWYgVW5mb2xkaW5nLnBkZgATAAEvAAAVAAIAFv//AACABtIbHB0eWiRjbGFzc25hbWVYJGNsYXNzZXNdTlNNdXRhYmxlRGF0YaMdHyBWTlNEYXRhWE5TT2JqZWN00hscIiNcTlNEaWN0aW9uYXJ5oiIgXxAPTlNLZXllZEFyY2hpdmVy0SYnVHJvb3SAAQAIABEAGgAjAC0AMgA3AEAARgBNAFUAYABnAGoAbABuAHEAcwB1AHcAhACOATgBPQFFBGEEYwRoBHMEfASKBI4ElQSeBKMEsASzBMUEyATNAAAAAAAAAgEAAAAAAAAAKAAAAAAAAAAAAAAAAAAABM8=},
	Bdsk-File-2 = {YnBsaXN0MDDUAQIDBAUGJCVYJHZlcnNpb25YJG9iamVjdHNZJGFyY2hpdmVyVCR0b3ASAAGGoKgHCBMUFRYaIVUkbnVsbNMJCgsMDxJXTlMua2V5c1pOUy5vYmplY3RzViRjbGFzc6INDoACgAOiEBGABIAFgAdccmVsYXRpdmVQYXRoWWFsaWFzRGF0YV8QPi4uLy4uLy4uLy4uLy4uL0Rvd25sb2Fkcy9BdXN0ZW5fZXRfYWwtMjAxNy1OZXdfUGh5dG9sb2dpc3QucGRm0hcLGBlXTlMuZGF0YU8RAegAAAAAAegAAgAADE1hY2ludG9zaCBIRAAAAAAAAAAAAAAAAAAAAMpAsaxIKwAAAAUCoR9BdXN0ZW5fZXRfYWwtMjAxNy1OIzM2QzY4REMucGRmAAAAAAAAAAAAAAAAAAAAAAAAAAAAAAAAAAAAAAAAAAADbGjc1S0mIwAAAAAAAAAAAAUAAgAACSAAAAAAAAAAAAAAAAAAAAAJRG93bmxvYWRzAAAQAAgAAMpA6ewAAAARAAgAANUtXmMAAAABAAwABQKhAAUCVwAAvuwAAgBPTWFjaW50b3NoIEhEOlVzZXJzOgBkYW5pZWxidW9uYWl1dG86AERvd25sb2FkczoAQXVzdGVuX2V0X2FsLTIwMTctTiMzNkM2OERDLnBkZgAADgBMACUAQQB1AHMAdABlAG4AXwBlAHQAXwBhAGwALQAyADAAMQA3AC0ATgBlAHcAXwBQAGgAeQB0AG8AbABvAGcAaQBzAHQALgBwAGQAZgAPABoADABNAGEAYwBpAG4AdABvAHMAaAAgAEgARAASAEVVc2Vycy9kYW5pZWxidW9uYWl1dG8vRG93bmxvYWRzL0F1c3Rlbl9ldF9hbC0yMDE3LU5ld19QaHl0b2xvZ2lzdC5wZGYAABMAAS8AABUAAgAW//8AAIAG0hscHR5aJGNsYXNzbmFtZVgkY2xhc3Nlc11OU011dGFibGVEYXRhox0fIFZOU0RhdGFYTlNPYmplY3TSGxwiI1xOU0RpY3Rpb25hcnmiIiBfEA9OU0tleWVkQXJjaGl2ZXLRJidUcm9vdIABAAgAEQAaACMALQAyADcAQABGAE0AVQBgAGcAagBsAG4AcQBzAHUAdwCEAI4AzwDUANwCyALKAs8C2gLjAvEC9QL8AwUDCgMXAxoDLAMvAzQAAAAAAAACAQAAAAAAAAAoAAAAAAAAAAAAAAAAAAADNg==}}

@article{Milleron2012,
	Author = {Miller{\'o}n, Mat{\'\i}as and L{\'o}pez de Heredia, Unai and Lorenzo, Zaida and Perea, Ram{\'o}n and Dounavi, Aikaterini and Alonso, Jes{\'u}s and Gil, Luis and Nanos, Nikos},
	Date-Added = {2017-05-01 21:37:52 +0000},
	Date-Modified = {2017-05-01 21:38:50 +0000},
	Doi = {10.1007/s11258-012-0125-2},
	Issn = {1573-5052},
	Journal = {Plant Ecology},
	Month = {Sep},
	Number = {11},
	Pages = {1715--1728},
	Publisher = {Springer Nature},
	Title = {Effect of canopy closure on pollen dispersal in a wind-pollinated species (Fagus sylvatica L.)},
	Url = {http://dx.doi.org/10.1007/s11258-012-0125-2},
	Volume = {213},
	Year = {2012},
	Bdsk-File-1 = {YnBsaXN0MDDUAQIDBAUGJCVYJHZlcnNpb25YJG9iamVjdHNZJGFyY2hpdmVyVCR0b3ASAAGGoKgHCBMUFRYaIVUkbnVsbNMJCgsMDxJXTlMua2V5c1pOUy5vYmplY3RzViRjbGFzc6INDoACgAOiEBGABIAFgAdccmVsYXRpdmVQYXRoWWFsaWFzRGF0YV8QRy4uLy4uLy4uLy4uLy4uL0Rlc2t0b3AvSGFydmFyZC9Qcm9qZWN0cy9IeXN0ZXJhbnRob3VzL01pbGxlcm9uIDIwMTIucGRm0hcLGBlXTlMuZGF0YU8RAeoAAAAAAeoAAgAADE1hY2ludG9zaCBIRAAAAAAAAAAAAAAAAAAAAMpAsaxIKwAAAz5hkhFNaWxsZXJvbiAyMDEyLnBkZgAAAAAAAAAAAAAAAAAAAAAAAAAAAAAAAAAAAAAAAAAAAAAAAAAAAAAAAAAAAAADR1xf0/8ojwAAAAAAAAAAAAUABQAACSAAAAAAAAAAAAAAAAAAAAANSHlzdGVyYW50aG91cwAAEAAIAADKQOnsAAAAEQAIAADT/2DPAAAAAQAYAz5hkgM+YY4DPgkxAAUC9QAFAlcAAL7sAAIAYU1hY2ludG9zaCBIRDpVc2VyczoAZGFuaWVsYnVvbmFpdXRvOgBEZXNrdG9wOgBIYXJ2YXJkOgBQcm9qZWN0czoASHlzdGVyYW50aG91czoATWlsbGVyb24gMjAxMi5wZGYAAA4AJAARAE0AaQBsAGwAZQByAG8AbgAgADIAMAAxADIALgBwAGQAZgAPABoADABNAGEAYwBpAG4AdABvAHMAaAAgAEgARAASAE5Vc2Vycy9kYW5pZWxidW9uYWl1dG8vRGVza3RvcC9IYXJ2YXJkL1Byb2plY3RzL0h5c3RlcmFudGhvdXMvTWlsbGVyb24gMjAxMi5wZGYAEwABLwAAFQACABb//wAAgAbSGxwdHlokY2xhc3NuYW1lWCRjbGFzc2VzXU5TTXV0YWJsZURhdGGjHR8gVk5TRGF0YVhOU09iamVjdNIbHCIjXE5TRGljdGlvbmFyeaIiIF8QD05TS2V5ZWRBcmNoaXZlctEmJ1Ryb290gAEACAARABoAIwAtADIANwBAAEYATQBVAGAAZwBqAGwAbgBxAHMAdQB3AIQAjgDYAN0A5QLTAtUC2gLlAu4C/AMAAwcDEAMVAyIDJQM3AzoDPwAAAAAAAAIBAAAAAAAAACgAAAAAAAAAAAAAAAAAAANB}}

@article{Lechowicz1995,
	Author = {Martin J. Lechowicz},
	Date-Added = {2017-05-01 21:37:43 +0000},
	Date-Modified = {2017-05-02 19:26:41 +0000},
	Journal = {Canadian Journal of Botany},
	Pages = {175-182},
	Title = {Seasonality of flowering and fruiting in temperate forest trees},
	Volume = {73},
	Year = {1995},
	Bdsk-File-1 = {YnBsaXN0MDDUAQIDBAUGJCVYJHZlcnNpb25YJG9iamVjdHNZJGFyY2hpdmVyVCR0b3ASAAGGoKgHCBMUFRYaIVUkbnVsbNMJCgsMDxJXTlMua2V5c1pOUy5vYmplY3RzViRjbGFzc6INDoACgAOiEBGABIAFgAdccmVsYXRpdmVQYXRoWWFsaWFzRGF0YV8QSC4uLy4uLy4uLy4uLy4uL0Rlc2t0b3AvSGFydmFyZC9Qcm9qZWN0cy9IeXN0ZXJhbnRob3VzL0xlY2hvd2ljeiAxOTk1LnBkZtIXCxgZV05TLmRhdGFPEQHuAAAAAAHuAAIAAAxNYWNpbnRvc2ggSEQAAAAAAAAAAAAAAAAAAADKQLGsSCsAAAM+YZISTGVjaG93aWN6IDE5OTUucGRmAAAAAAAAAAAAAAAAAAAAAAAAAAAAAAAAAAAAAAAAAAAAAAAAAAAAAAAAAAAAA0dVAtP/BKQAAAAAAAAAAAAFAAUAAAkgAAAAAAAAAAAAAAAAAAAADUh5c3RlcmFudGhvdXMAABAACAAAykDp7AAAABEACAAA0/885AAAAAEAGAM+YZIDPmGOAz4JMQAFAvUABQJXAAC+7AACAGJNYWNpbnRvc2ggSEQ6VXNlcnM6AGRhbmllbGJ1b25haXV0bzoARGVza3RvcDoASGFydmFyZDoAUHJvamVjdHM6AEh5c3RlcmFudGhvdXM6AExlY2hvd2ljeiAxOTk1LnBkZgAOACYAEgBMAGUAYwBoAG8AdwBpAGMAegAgADEAOQA5ADUALgBwAGQAZgAPABoADABNAGEAYwBpAG4AdABvAHMAaAAgAEgARAASAE9Vc2Vycy9kYW5pZWxidW9uYWl1dG8vRGVza3RvcC9IYXJ2YXJkL1Byb2plY3RzL0h5c3RlcmFudGhvdXMvTGVjaG93aWN6IDE5OTUucGRmAAATAAEvAAAVAAIAFv//AACABtIbHB0eWiRjbGFzc25hbWVYJGNsYXNzZXNdTlNNdXRhYmxlRGF0YaMdHyBWTlNEYXRhWE5TT2JqZWN00hscIiNcTlNEaWN0aW9uYXJ5oiIgXxAPTlNLZXllZEFyY2hpdmVy0SYnVHJvb3SAAQAIABEAGgAjAC0AMgA3AEAARgBNAFUAYABnAGoAbABuAHEAcwB1AHcAhACOANkA3gDmAtgC2gLfAuoC8wMBAwUDDAMVAxoDJwMqAzwDPwNEAAAAAAAAAgEAAAAAAAAAKAAAAAAAAAAAAAAAAAAAA0Y=}}

@article{Gunatilleke1984,
	Author = {C. V. S. Gunatilleke and I. A. U. N. Gunatilleke},
	Date-Added = {2017-05-01 21:35:53 +0000},
	Date-Modified = {2017-05-01 21:37:24 +0000},
	Journal = {Journal of the Arnold Arboretum},
	Number = {3},
	Pages = {419-427},
	Title = {SOME OBSERVATIONS ON THE REPRODUCTIVE BIOLOGY OF THREE SPECIES OF CORNUS(CORNACEAE)},
	Volume = {65},
	Year = {1984},
	Bdsk-File-1 = {YnBsaXN0MDDUAQIDBAUGJCVYJHZlcnNpb25YJG9iamVjdHNZJGFyY2hpdmVyVCR0b3ASAAGGoKgHCBMUFRYaIVUkbnVsbNMJCgsMDxJXTlMua2V5c1pOUy5vYmplY3RzViRjbGFzc6INDoACgAOiEBGABIAFgAdccmVsYXRpdmVQYXRoWWFsaWFzRGF0YV8Qhy4uLy4uLy4uLy4uLy4uL0Rlc2t0b3AvSGFydmFyZC9Qcm9qZWN0cy9Db3JudXMvU09NRSBPQlNFUlZBVElPTlMgT04gVEhFIFJFUFJPRFVDVElWRSBCSU9MT0dZIE9GIFRIUkVFIFNQRUNJRVMgT0YgQ09STlVTIChDT1JOQUNFQUUpLnBkZtIXCxgZV05TLmRhdGFPEQK2AAAAAAK2AAIAAAxNYWNpbnRvc2ggSEQAAAAAAAAAAAAAAAAAAADKQLGsSCsAAANrc3MfU09NRSBPQlNFUlZBVElPTlMgTyMzNjk2OEY5LnBkZgAAAAAAAAAAAAAAAAAAAAAAAAAAAAAAAAAAAAAAAAAAA2lo+dUBzt8AAAAAAAAAAAAFAAUAAAkgAAAAAAAAAAAAAAAAAAAABkNvcm51cwAQAAgAAMpA6ewAAAARAAgAANUCBx8AAAABABgDa3NzAz5hjgM+CTEABQL1AAUCVwAAvuwAAgBoTWFjaW50b3NoIEhEOlVzZXJzOgBkYW5pZWxidW9uYWl1dG86AERlc2t0b3A6AEhhcnZhcmQ6AFByb2plY3RzOgBDb3JudXM6AFNPTUUgT0JTRVJWQVRJT05TIE8jMzY5NjhGOS5wZGYADgCyAFgAUwBPAE0ARQAgAE8AQgBTAEUAUgBWAEEAVABJAE8ATgBTACAATwBOACAAVABIAEUAIABSAEUAUABSAE8ARABVAEMAVABJAFYARQAgAEIASQBPAEwATwBHAFkAIABPAEYAIABUAEgAUgBFAEUAIABTAFAARQBDAEkARQBTACAATwBGACAAQwBPAFIATgBVAFMAIAAoAEMATwBSAE4AQQBDAEUAQQBFACkALgBwAGQAZgAPABoADABNAGEAYwBpAG4AdABvAHMAaAAgAEgARAASAI5Vc2Vycy9kYW5pZWxidW9uYWl1dG8vRGVza3RvcC9IYXJ2YXJkL1Byb2plY3RzL0Nvcm51cy9TT01FIE9CU0VSVkFUSU9OUyBPTiBUSEUgUkVQUk9EVUNUSVZFIEJJT0xPR1kgT0YgVEhSRUUgU1BFQ0lFUyBPRiBDT1JOVVMgKENPUk5BQ0VBRSkucGRmABMAAS8AABUAAgAW//8AAIAG0hscHR5aJGNsYXNzbmFtZVgkY2xhc3Nlc11OU011dGFibGVEYXRhox0fIFZOU0RhdGFYTlNPYmplY3TSGxwiI1xOU0RpY3Rpb25hcnmiIiBfEA9OU0tleWVkQXJjaGl2ZXLRJidUcm9vdIABAAgAEQAaACMALQAyADcAQABGAE0AVQBgAGcAagBsAG4AcQBzAHUAdwCEAI4BGAEdASUD3wPhA+YD8QP6BAgEDAQTBBwEIQQuBDEEQwRGBEsAAAAAAAACAQAAAAAAAAAoAAAAAAAAAAAAAAAAAAAETQ==},
	Bdsk-File-2 = {YnBsaXN0MDDUAQIDBAUGJCVYJHZlcnNpb25YJG9iamVjdHNZJGFyY2hpdmVyVCR0b3ASAAGGoKgHCBMUFRYaIVUkbnVsbNMJCgsMDxJXTlMua2V5c1pOUy5vYmplY3RzViRjbGFzc6INDoACgAOiEBGABIAFgAdccmVsYXRpdmVQYXRoWWFsaWFzRGF0YV8QPi4uLy4uLy4uLy4uLy4uL0Rvd25sb2Fkcy9BdXN0ZW5fZXRfYWwtMjAxNy1OZXdfUGh5dG9sb2dpc3QucGRm0hcLGBlXTlMuZGF0YU8RAegAAAAAAegAAgAADE1hY2ludG9zaCBIRAAAAAAAAAAAAAAAAAAAAMpAsaxIKwAAAAUCoR9BdXN0ZW5fZXRfYWwtMjAxNy1OIzM2QzY4REMucGRmAAAAAAAAAAAAAAAAAAAAAAAAAAAAAAAAAAAAAAAAAAADbGjc1S0mIwAAAAAAAAAAAAUAAgAACSAAAAAAAAAAAAAAAAAAAAAJRG93bmxvYWRzAAAQAAgAAMpA6ewAAAARAAgAANUtXmMAAAABAAwABQKhAAUCVwAAvuwAAgBPTWFjaW50b3NoIEhEOlVzZXJzOgBkYW5pZWxidW9uYWl1dG86AERvd25sb2FkczoAQXVzdGVuX2V0X2FsLTIwMTctTiMzNkM2OERDLnBkZgAADgBMACUAQQB1AHMAdABlAG4AXwBlAHQAXwBhAGwALQAyADAAMQA3AC0ATgBlAHcAXwBQAGgAeQB0AG8AbABvAGcAaQBzAHQALgBwAGQAZgAPABoADABNAGEAYwBpAG4AdABvAHMAaAAgAEgARAASAEVVc2Vycy9kYW5pZWxidW9uYWl1dG8vRG93bmxvYWRzL0F1c3Rlbl9ldF9hbC0yMDE3LU5ld19QaHl0b2xvZ2lzdC5wZGYAABMAAS8AABUAAgAW//8AAIAG0hscHR5aJGNsYXNzbmFtZVgkY2xhc3Nlc11OU011dGFibGVEYXRhox0fIFZOU0RhdGFYTlNPYmplY3TSGxwiI1xOU0RpY3Rpb25hcnmiIiBfEA9OU0tleWVkQXJjaGl2ZXLRJidUcm9vdIABAAgAEQAaACMALQAyADcAQABGAE0AVQBgAGcAagBsAG4AcQBzAHUAdwCEAI4AzwDUANwCyALKAs8C2gLjAvEC9QL8AwUDCgMXAxoDLAMvAzQAAAAAAAACAQAAAAAAAAAoAAAAAAAAAAAAAAAAAAADNg==}}
